3442 5246
657 342 872 411 -43-

235 550 319 614 1372
334 549 405 610 132
423 537 578 624 (225,15)
600 540 717 623 τρόποις
739 533 759 624 ἢ
782 540 881 613 τόποις
903 534 923 625 ἢ
947 538 1094 612 διαθέσεις
1116 534 1235 624 εόποροι
1248 541 1409 625 -ιρόπσς

125 647 146 740 ἢ
169 654 259 724 τόπος
280 647 301 736 ἢ
324 647 458 720 διάθεσις
480 641 604 730 εὔπορος
626 670 695 712 cum
719 652 821 725 QYZ.

237 766 322 827 1372
347 781 365 821 ο
389 765 431 824 34
454 759 541 833 (225,
568 758 621 832 17)
644 757 754 839 χρόνοο
778 789 819 800 -
843 757 961 839 χρόνιος
983 778 1052 820 cum
1076 758 1181 832 QYZ.

236 869 364 933 13721)
388 870 429 931 23
454 858 542 944 (226,
568 859 624 945 17)
647 857 817 933 ἀδοξοῦντες
842 897 881 908 -
906 859 1037 933 δόξοντες
1059 884 1128 926 cum
1152 865 1256 939 QYZ.

236 977 321 1039 1373
345 976 365 1035 1)
388 977 429 1037 32
453 971 541 1046 (229,
567 964 672 1050 19)”
643 987 817 1053 οιρήται-
844 965 978 1053 διήρήται
1000 992 1068 1032 cum
1092 973 1194 1046 QYZ

237 1080 392 1146 1374113
417 1072 505 1157 (231,
526 1073 581 1160 10)
605 1079 700 1139 lnA⁰
717 1079 819 1139 insunt
844 1082 884 1142 13
908 1079 1006 1154 rerba,
1031 1099 1107 1157 quae
1130 1086 1251 1182 propter
1274 1078 1409 1141 similiter

26 1208 28 1215 ’
126 1190 269 1251 cadens
260 1209 291 1249 rn
315 1195 370 1251 ret.
395 1189 531 1249 translat.
556 1193 585 1247 et
607 1185 637 1246 in
661 1184 721 1258 QY
734 1180 777 1245 ¹Z
801 1186 981 1251 exciderunt.

235 1299 321 1359 1374
343 1295 407 1358 b4
430 1287 594 1373 (231,10)
617 1285 729 1374 ἐπιεική
752 1295 857 1362 ταῦτα,
885 1290 939 1351 καὶ
960 1290 993 1352 τό
1016 1291 1052 1352 τὰ
1074 1286 1275 1375 ἁμαρτήματα
1297 1288 1409 1351 κα1το1

24 1410 26 1445 ;
130 1395 296 1484 ἀδικήματα
319 1398 361 1482 μή
384 1404 434 1459 τοῦ
454 1394 520 1458 ἴσοο
543 1391 649 1466 ἀξιοῦν,
673 1393 749 1480 μηδὲ
770 1396 807 1457 τὰ
829 1391 1023 1481 ἀτοχήματα·
1045 1398 1082 1458 τὰ
1104 1396 1409 1479 (τεο.ιοαο.οι111.μέν

132 1507 200 1586 χάρ)
219 1500 274 1567 ὅσα
296 1501 456 1587 παράλογα
477 1502 530 1564 καὶ
551 1503 594 1586 μή
617 1497 678 1563 ἀπὸ
701 1500 877 1586 μοχ3ήρὶας
893 1536 932 1547 -
956 1514 986 1566 at
1008 1506 1039 1567 in
1062 1506 1150 1580 QYZ
1173 1514 1202 1567 et
1224 1515 1280 1567 vet.
1304 1507 1408 1567 transl.

138 1613 252 1690 legitur:
272 1605 384 1693 ἐπιεική
399 1615 499 1682 ταῦτα,
522 1608 629 1669 καὶτὸ
653 1606 693 1690 (ν.
710 1618 746 1673 tr.
764 1611 804 1684 3.)
827 1610 864 1670 τὰ
884 1603 1085 1694 ἁμαρτήματα
1107 1609 1160 1670 καὶ
1181 1610 1218 1672 τὰ
1240 1605 1411 1694 ἀδικήματα

138 1716 181 1798 μή
194 1712 234 1795 (M
249 1740 279 1779 m
294 1720 435 1781 exhibent
450 1738 526 1779 non:
550 1725 579 1779 et
601 1738 689 1792 non,
708 1718 760 1779 sed
777 1720 888 1781 solum:
912 1714 998 1800 non)
1010 1723 1060 1777 τοῦ
1073 1711 1139 1778 ἴσοο
1154 1711 1259 1789 ἀξιοῦν,
1275 1713 1352 1799 μηδὲ
1366 1716 1410 1777 τὰ

22 1902 23 1919 ¹
133 1815 386 1907 ἁμαρτήματα
401 1822 515 1884 καὶτὰ
529 1817 721 1906 ἀτοχήματα·
743 1819 821 1883 ἐστι
843 1819 869 1881 δ’
886 1817 1117 1906 ἀτυχήματα
1132 1824 1198 1907 μέν
1213 1820 1257 1906 (m
1273 1846 1324 1886 om
1339 1832 1410 1886 sunt

21 1926 41 1997 ¹,
130 1940 228 1994 autern
250 1933 411 1994 infortunia
437 1926 570 2010 quidem)
593 1922 650 1989 όσα
671 1925 830 2010 παράλογα
856 1928 909 1989 καὶ
934 1931 976 2013 μή
1003 1924 1063 1990 ἀπό
1086 1929 1268 2015 μοχ3ήρίας.

235 2040 356 2103 13741)
373 2043 413 2103 12
439 2038 526 2113 (231,
545 2031 599 2117 16)
623 2037 662 2098 Ac
678 2056 727 2097 om
750 2041 869 2095 σκοπεῖν
892 2045 960 2116 post
982 2031 1147 2122 νομοθέτην
1160 2071 1200 2082 -
1219 2059 1247 2102 v.
1258 2048 1295 2106 tr.
1313 2047 1411 2101 serrat

129 2164 197 2206 cum
220 2145 329 2219 QYZ.

236 2254 356 2315 13741)
373 2257 414 2316 24
439 2246 527 2331 (232,
547 2245 579 2332 1)
596 2242 749 2333 Ἀδίκήμα
772 2245 805 2308 δὲ
827 2249 934 2331 μεῖζον,
957 2243 1018 2330 ὅσῳ
1040 2244 1268 2334 -ἀδικήματα
1291 2246 1324 2309 δὲ
1347 2242 1411 2332 μεί-

129 2356 201 2425 (ονα
225 2349 284 2416 όσα
307 2378 374 2419 cunr
397 2358 501 2432 QYZ.

238 2467 366 2530 13741)
390 2469 431 2529 23
456 2466 544 2541 (232,
571 2459 605 2546 6)
629 2456 802 2547 ἐνοπόιρχειν
826 2497 865 2509 -·
892 2455 1044 2546 ὑπερέχειν
1066 2485 1135 2527 curn
1158 2464 1263 2538 QYZ.

238 2575 322 2636 1374
345 2573 365 2633 1)
388 2577 427 2637 31
455 2567 543 2652 (232,
558 2567 591 2653 9)
615 2593 664 2633 orn
687 2593 806 2635 versum
830 2564 974 2652 δμοιοτελ.
999 2602 1040 2613 -
1065 2579 1163 2633 servat
1185 2591 1256 2632 curn
1279 2572 1342 2645 QY
1356 2572 1388 2632 Ζ.

238 2682 322 2742 1375
347 2699 365 2739 a
389 2685 407 2743 9
431 2680 520 2754 (232,
546 2679 600 2750 24)
624 2671 660 2737 ἂν
682 2672 798 2760 εἴρηκεν
822 2711 862 2723 -
887 2672 1019 2761 ἀνήρήκε
1041 2673 1142 2738 δίκαια
1165 2699 1234 2740 cum
1258 2679 1364 2753 QYZ.

133 2842 143 2851 .
240 2781 325 2848 1375
343 2806 361 2845 a
377 2789 417 2849 23
434 2781 521 2866 (233,
542 2786 594 2860 13)
613 2791 700 2863 κοινῷ
715 2785 859 2867 χρηστέον
874 2783 1001 2854 καὶτοῖς
1016 2778 1235 2864 ἐπιεικεστέροις
1249 2785 1302 2846 καὶ
1316 2782 1413 2845 δικαι-

126 2883 242 2971 οτέροις
260 2922 300 2931 -
320 2910 380 2952 non
403 2895 480 2954 male
503 2895 648 2971 interpres
672 2912 740 2954 curn
765 2894 872 2967 QYZ:
897 2898 985 2972 κοινῷ
1007 2891 1088 2973 νόμῳ
1112 2891 1255 2976 χρηστέον
1277 2891 1330 2952 καὶ
1351 2896 1411 2961 τοῖς

125 2994 280 3058 ἐπιεικέσιν
302 2988 344 3065 ὡς
366 2992 562 3078 δικαιοτέροις.

237 3107 322 3169 1375
336 3126 353 3166 a
365 3109 406 3168 30
420 3100 508 3183 (233,
521 3098 605 3185 19)
591 3122 695 3186 αριστή
710 3111 837 3166 τσοτ’-
849 3099 953 3185 ἀρίστῃ
965 3105 1223 3186 χρωμένοοςτοῦτ’
1236 3126 1305 3168 cum
1316 3106 1411 3180 QYZ.

113 3208 123 3215 '
237 3216 322 3275 1375
347 3232 365 3272 a
389 3216 431 3275 34
455 3212 542 3285 (,233
568 3206 623 3292 23)
646 3205 808 3292 ἐθαψε-
831 3207 939 3293 ἔπραξε
962 3232 1031 3272 cum
1054 3213 1162 3286 QYZ.

238 3321 324 3382 1376
348 3318 367 3378 b
392 3322 433 3379 25
459 3310 610 3399 (237,1)
640 3316 693 3377 και
719 3325 775 3378 τῶν
797 3318 1004 3400 γεγραμμένων
1029 3311 1050 3400 ἢ
1072 3323 1132 3387 τοῖς
1159 3310 1277 3386 οικεὶοις
1303 3311 1324 3400 ἢ
1351 3321 1411 3387 τοῖς

129 3412 302 3501 ἀλλοτρίοις,
326 3415 528 3505 ἔπειταῆ-
546 3423 659 3498 QYZ:
682 3421 735 3482 καὶ
756 3429 816 3493 τοῖς
837 3420 944 3494 καλοῖς
965 3417 986 3506 ἢ
1009 3419 1139 3492 δικαίοις.
1162 3419 1202 3483 ἐτι
1224 3441 1291 3482 τεε
1277 3417 1316 3496 ε;3
1343 3446 1412 3487 curn

131 3529 323 3590 deterioribus
340 3550 464 3608 prorsus
481 3532 540 3592 iere
555 3532 702 3594 consentit
718 3532 857 3612 interpr.:
882 3541 910 3593 et
926 3534 1011 3592 iustis
1027 3538 1079 3593 aut
1094 3531 1190 3594 bonis.
1216 3538 1244 3592 et
1263 3532 1400 3593 adhuc
1376 3553 1412 3598 ει.
1494 3601 1498 3609 ,

238 3641 323 3700 1376
347 3638 367 3697 b
391 3642 431 3700 33
456 3631 604 3715 (237,3)
570 3630 718 3700 3οὒδὲ
704 3638 806 3718 ὲπερι
828 3636 973 3697 τοὺτιννε
959 3629 1138 3699 εἰπεῖντὰ
1167 3629 1347 3718 ἐνδεχόμενα
1372 3670 1409 3681 -

130 3741 235 3815 QYZ:
269 3734 378 3801 οἰνδέν
399 3740 466 3821 περὶ
494 3740 603 3801 τοὺτιον
630 3735 727 3813 ἰδεῖν
749 3742 813 3803 καὶ
840 3744 878 3802 τὰ
908 3736 1086 3825 ἐνδεχόμενα
1113 3735 1295 3802 εἰπεῖν·
1276 3766 1349 3809 -ν
1374 3752 1411 3810 tr.

129 3869 252 3929 neque
274 3852 311 3912 de
333 3850 380 3911 his
405 3850 534 3910 videre
556 3849 756 3927 contingentia
778 3851 916 3913 dicere.

238 3961 367 4020 1377a
391 3961 408 4020 7
434 3957 521 4029 (237,
536 3957 593 4028 16)
621 3955 660 4015 Α
678 3963 707 4016 et
730 3976 823 4033 marg
839 3959 864 4018 Y
887 3958 1026 4020 exhibent
1054 3956 1162 4018 mirum
1189 3957 1273 4018 illurn
1296 3958 1332 4019 de
1354 3965 1412 4017 tor·

129 4062 238 4123 mentis
261 4064 375 4137 locum3
404 4083 465 4125 non
493 4081 618 4140 possum
647 4081 706 4122 non
731 4062 888 4139 Spengelio
918 4064 1056 4125 assentiri
1079 4064 1186 4125 dicenti
1210 4064 1410 4143 interpretem,

129 4168 240 4247 quippe
263 4171 313 4248 qui
336 4172 366 4232 in
391 4172 501 4232 talibus
523 4170 613 4231 rebus
635 4169 880 4231 accuratissimus
903 4179 991 4247 esset,
1017 4191 1095 4245 eum,
1123 4170 1217 4232 sicubi
1241 4170 1410 4247 invenisset,

131 4294 191 4337 non
216 4277 309 4337 fuisse
332 4278 525 4340 omissurum.

239 4387 323 4448 1377
341 4385 360 4443 b
378 4388 415 4447 11
440 4377 529 4460 (233,
547 4383 603 4458 28)
626 4381 665 4444 A⁶
683 4383 792 4444 omittit
815 4384 951 4447 ultimam
975 4386 1063 4467 primi
1084 4384 1152 4448 libri
1176 4386 1352 4449 sententiam
1370 4416 1408 4431 ·-·

128 4490 276 4569 interpres
300 4497 328 4551 et
351 4488 510 4551 deteriores
534 4509 599 4551 eam
624 4492 775 4573 praebent.
