<?xml version="1.0" encoding="UTF-8"?>
<!DOCTYPE html PUBLIC "-//W3C//DTD XHTML 1.0 Transitional//EN"
    "http://www.w3.org/TR/xhtml1/DTD/xhtml1-transitional.dtd">
<html xmlns="http://www.w3.org/1999/xhtml" xml:lang="en" lang="en">
 <head>
  <title>
</title>
<meta http-equiv="Content-Type" content="text/html;charset=utf-8" />
  <meta name='ocr-system' content='tesseract 3.04.00' />
  <meta name='ocr-capabilities' content='ocr_page ocr_carea ocr_par ocr_line ocrx_word'/>
</head>
<body>
  <div class='ocr_page' id='page_1' title='image "./quaeratiointerv01dittgoog_0070.png"; bbox 0 0 3442 5246; ppageno 0'>
   <div class='ocr_carea' id='block_1_1' title="bbox 715 293 931 359">
    <p class='ocr_par' dir='ltr' id='par_1_1' title="bbox 715 293 931 359">
     <span class='ocr_line' id='line_1_1' title="bbox 715 293 931 359; baseline 0 -20"><span class='ocrx_word' id='word_1_1' title='bbox 715 293 931 359; x_wconf 60' lang='lat'>..53-</span> 
     </span>
    </p>
   </div>
   <div class='ocr_carea' id='block_1_2' title="bbox 294 457 1461 574">
    <p class='ocr_par' dir='ltr' id='par_1_2' title="bbox 294 457 1461 574">
     <span class='ocr_line' id='line_1_2' title="bbox 294 457 1461 574; baseline -0.007 -15"><span class='ocrx_word' id='word_1_2' title='bbox 294 497 450 560; x_wconf 79' lang='grc'><strong>137106</strong></span> <span class='ocrx_word' id='word_1_3' title='bbox 475 457 571 574; x_wconf 63' lang='grc' dir='ltr'><strong>(223,ι</strong></span> <span class='ocrx_word' id='word_1_4' title='bbox 581 488 614 572; x_wconf 89' lang='grc'><strong>8)</strong></span> <span class='ocrx_word' id='word_1_5' title='bbox 637 513 670 554; x_wconf 68' lang='grc' dir='ltr'><strong>ω.</strong></span> <span class='ocrx_word' id='word_1_6' title='bbox 696 493 871 554; x_wconf 82' lang='lat' dir='ltr'><strong>imitativum</strong></span> <span class='ocrx_word' id='word_1_7' title='bbox 895 501 927 553; x_wconf 92' lang='lat' dir='ltr'><strong>ut</strong></span> <span class='ocrx_word' id='word_1_8' title='bbox 950 490 1110 570; x_wconf 80' lang='lat' dir='ltr'><strong>profectiva</strong></span> <span class='ocrx_word' id='word_1_9' title='bbox 1134 483 1192 569; x_wconf 70' lang='lat' dir='ltr'><strong>(nm</strong></span> <span class='ocrx_word' id='word_1_10' title='bbox 1217 499 1248 553; x_wconf 92' lang='lat' dir='ltr'><strong>ut</strong></span> <span class='ocrx_word' id='word_1_11' title='bbox 1269 487 1406 571; x_wconf 81' lang='lat' dir='ltr'><strong>fractiva)</strong></span> <span class='ocrx_word' id='word_1_12' title='bbox 1426 523 1461 534; x_wconf 91' lang='lat'>-</span> 
     </span>
    </p>
   </div>
   <div class='ocr_carea' id='block_1_3' title="bbox 101 588 1484 4417">
    <p class='ocr_par' dir='ltr' id='par_1_3' title="bbox 185 588 1466 1002">
     <span class='ocr_line' id='line_1_3' title="bbox 185 588 1466 682; baseline 0.001 -24"><span class='ocrx_word' id='word_1_13' title='bbox 185 592 245 659; x_wconf 77' lang='grc' dir='ltr'>οἷον</span> <span class='ocrx_word' id='word_1_14' title='bbox 260 600 292 659; x_wconf 90' lang='grc' dir='ltr'>τό</span> <span class='ocrx_word' id='word_1_15' title='bbox 307 617 338 658; x_wconf 87' lang='grc' dir='ltr'>τε</span> <span class='ocrx_word' id='word_1_16' title='bbox 353 592 552 682; x_wconf 77' lang='grc' dir='ltr'>μεμιμημένον</span> <span class='ocrx_word' id='word_1_17' title='bbox 567 590 665 677; x_wconf 72' lang='grc' dir='ltr'>ὥσπερ</span> <span class='ocrx_word' id='word_1_18' title='bbox 679 598 820 681; x_wconf 53' lang='lat' dir='ltr'><strong>spermati.</strong></span> <span class='ocrx_word' id='word_1_19' title='bbox 846 599 957 671; x_wconf 86' lang='lat' dir='ltr'><strong>QYZ:</strong></span> <span class='ocrx_word' id='word_1_20' title='bbox 982 588 1042 656; x_wconf 81' lang='grc' dir='ltr'>οἷον</span> <span class='ocrx_word' id='word_1_21' title='bbox 1064 617 1123 658; x_wconf 90' lang='lat' dir='ltr'><strong>om.</strong></span> <span class='ocrx_word' id='word_1_22' title='bbox 1147 597 1294 674; x_wconf 83' lang='lat' dir='ltr'><strong>interpres</strong></span> <span class='ocrx_word' id='word_1_23' title='bbox 1318 599 1466 660; x_wconf 81' lang='lat' dir='ltr'><strong>invenisse</strong></span> 
     </span>
     <span class='ocr_line' id='line_1_4' title="bbox 185 702 1466 788; baseline -0.002 -22"><span class='ocrx_word' id='word_1_24' title='bbox 185 708 299 768; x_wconf 90' lang='lat' dir='ltr'><strong>videtur</strong></span> <span class='ocrx_word' id='word_1_25' title='bbox 314 706 466 788; x_wconf 77' lang='grc' dir='ltr'>μιμητικόν</span> <span class='ocrx_word' id='word_1_26' title='bbox 490 707 705 779; x_wconf 78' lang='lat' dir='ltr'><strong>(confer1304</strong></span> <span class='ocrx_word' id='word_1_27' title='bbox 729 726 746 765; x_wconf 85' lang='lat' dir='ltr'><strong>a</strong></span> <span class='ocrx_word' id='word_1_28' title='bbox 771 711 811 768; x_wconf 82' lang='lat'><strong>22</strong></span> <span class='ocrx_word' id='word_1_29' title='bbox 837 723 877 758; x_wconf 93' lang='lat'>=</span> <span class='ocrx_word' id='word_1_30' title='bbox 904 709 977 778; x_wconf 89' lang='grc'><strong>301,</strong></span> <span class='ocrx_word' id='word_1_31' title='bbox 996 711 1051 768; x_wconf 84' lang='lat'><strong>25:</strong></span> <span class='ocrx_word' id='word_1_32' title='bbox 1076 702 1231 785; x_wconf 66' lang='grc' dir='ltr'>μιμτμῑκός</span> <span class='ocrx_word' id='word_1_33' title='bbox 1247 723 1289 758; x_wconf 91' lang='lat'><strong><em>=</em></strong></span> <span class='ocrx_word' id='word_1_34' title='bbox 1306 704 1466 783; x_wconf 85' lang='lat' dir='ltr'><strong>mutativus</strong></span> 
     </span>
     <span class='ocr_line' id='line_1_5' title="bbox 185 808 1465 893; baseline -0.005 -19"><span class='ocrx_word' id='word_1_35' title='bbox 185 814 205 879; x_wconf 85' lang='lat' dir='ltr'><strong>i,</strong></span> <span class='ocrx_word' id='word_1_36' title='bbox 229 834 255 878; x_wconf 90' lang='lat' dir='ltr'><strong>e.</strong></span> <span class='ocrx_word' id='word_1_37' title='bbox 279 808 462 893; x_wconf 88' lang='lat' dir='ltr'><strong>imitativus).</strong></span> <span class='ocrx_word' id='word_1_38' title='bbox 509 813 590 873; x_wconf 89' lang='lat' dir='ltr'><strong>Haec</strong></span> <span class='ocrx_word' id='word_1_39' title='bbox 614 813 700 873; x_wconf 92' lang='lat' dir='ltr'><strong>lectio</strong></span> <span class='ocrx_word' id='word_1_40' title='bbox 724 820 769 872; x_wconf 89' lang='lat' dir='ltr'><strong>est</strong></span> <span class='ocrx_word' id='word_1_41' title='bbox 792 812 917 889; x_wconf 78' lang='lat' dir='ltr'><strong>egregia,</strong></span> <span class='ocrx_word' id='word_1_42' title='bbox 943 818 1022 872; x_wconf 89' lang='lat' dir='ltr'><strong>certe</strong></span> <span class='ocrx_word' id='word_1_43' title='bbox 1046 811 1138 870; x_wconf 88' lang='lat' dir='ltr'><strong>multo</strong></span> <span class='ocrx_word' id='word_1_44' title='bbox 1170 810 1274 870; x_wconf 84' lang='lat' dir='ltr'><strong>melior</strong></span> <span class='ocrx_word' id='word_1_45' title='bbox 1298 831 1388 888; x_wconf 89' lang='lat' dir='ltr'><strong>quam</strong></span> <span class='ocrx_word' id='word_1_46' title='bbox 1411 827 1465 891; x_wconf 85' lang='grc' dir='ltr'><strong>με·</strong></span> 
     </span>
     <span class='ocr_line' id='line_1_6' title="bbox 185 919 965 1002; baseline 0.005 -24"><span class='ocrx_word' id='word_1_47' title='bbox 185 919 356 1002; x_wconf 80' lang='grc' dir='ltr'>μιμημὲνον,</span> <span class='ocrx_word' id='word_1_48' title='bbox 381 922 460 998; x_wconf 88' lang='lat' dir='ltr'><strong>quod</strong></span> <span class='ocrx_word' id='word_1_49' title='bbox 483 919 512 980; x_wconf 92' lang='lat' dir='ltr'><strong>in</strong></span> <span class='ocrx_word' id='word_1_50' title='bbox 537 919 658 980; x_wconf 87' lang='lat' dir='ltr'><strong>Graecis</strong></span> <span class='ocrx_word' id='word_1_51' title='bbox 682 919 834 980; x_wconf 84' lang='lat' dir='ltr'><strong>codicibus</strong></span> <span class='ocrx_word' id='word_1_52' title='bbox 858 925 965 982; x_wconf 83' lang='lat' dir='ltr'><strong>exstat.</strong></span> 
     </span>
    </p>

    <p class='ocr_par' dir='ltr' id='par_1_4' title="bbox 250 1019 1215 1106">
     <span class='ocr_line' id='line_1_7' title="bbox 250 1019 1215 1106; baseline -0.011 -15"><span class='ocrx_word' id='word_1_53' title='bbox 250 1054 254 1065; x_wconf 67' lang='lat'><em>¹</em></span> <span class='ocrx_word' id='word_1_54' title='bbox 295 1031 376 1091; x_wconf 96' lang='grc'><strong>1371</strong></span> <span class='ocrx_word' id='word_1_55' title='bbox 404 1028 423 1087; x_wconf 90' lang='lat' dir='ltr'><strong>b</strong></span> <span class='ocrx_word' id='word_1_56' title='bbox 448 1031 488 1090; x_wconf 87' lang='grc'><strong>16</strong></span> <span class='ocrx_word' id='word_1_57' title='bbox 512 1027 672 1100; x_wconf 78' lang='lat'><strong>(223,19)</strong></span> <span class='ocrx_word' id='word_1_58' title='bbox 695 1025 809 1086; x_wconf 86' lang='lat' dir='ltr'><strong>Desunt</strong></span> <span class='ocrx_word' id='word_1_59' title='bbox 833 1027 922 1087; x_wconf 91' lang='lat' dir='ltr'><strong>verba</strong></span> <span class='ocrx_word' id='word_1_60' title='bbox 944 1021 1070 1106; x_wconf 61' lang='lat' dir='ltr'><strong>dap...</strong></span> <span class='ocrx_word' id='word_1_61' title='bbox 1088 1019 1215 1081; x_wconf 78' lang='grc' dir='ltr'>κολοιόν.</span> 
     </span>
    </p>

    <p class='ocr_par' dir='ltr' id='par_1_5' title="bbox 183 1123 1466 1635">
     <span class='ocr_line' id='line_1_8' title="bbox 293 1123 1465 1213; baseline -0.006 -18"><span class='ocrx_word' id='word_1_62' title='bbox 293 1136 375 1196; x_wconf 90' lang='grc'><strong>1371</strong></span> <span class='ocrx_word' id='word_1_63' title='bbox 402 1134 421 1193; x_wconf 92' lang='lat' dir='ltr'><strong>b</strong></span> <span class='ocrx_word' id='word_1_64' title='bbox 448 1137 487 1197; x_wconf 89' lang='lat'><strong>18</strong></span> <span class='ocrx_word' id='word_1_65' title='bbox 513 1127 600 1212; x_wconf 89' lang='grc'><strong>(223,</strong></span> <span class='ocrx_word' id='word_1_66' title='bbox 619 1128 675 1213; x_wconf 90' lang='grc'><strong>20)</strong></span> <span class='ocrx_word' id='word_1_67' title='bbox 700 1152 766 1192; x_wconf 91' lang='lat' dir='ltr'><strong>esse</strong></span> <span class='ocrx_word' id='word_1_68' title='bbox 790 1132 919 1192; x_wconf 78' lang='lat' dir='ltr'><strong>maxime</strong></span> <span class='ocrx_word' id='word_1_69' title='bbox 937 1133 1082 1194; x_wconf 87' lang='lat' dir='ltr'><strong>...unde</strong></span> <span class='ocrx_word' id='word_1_70' title='bbox 1105 1150 1228 1191; x_wconf 86' lang='lat' dir='ltr'><strong>necesse</strong></span> <span class='ocrx_word' id='word_1_71' title='bbox 1246 1162 1285 1171; x_wconf 87' lang='lat'>—</span> <span class='ocrx_word' id='word_1_72' title='bbox 1303 1123 1382 1189; x_wconf 80' lang='grc' dir='ltr'>ἅπαν</span> <span class='ocrx_word' id='word_1_73' title='bbox 1405 1130 1465 1211; x_wconf 82' lang='grc' dir='ltr'><strong>μά-</strong></span> 
     </span>
     <span class='ocr_line' id='line_1_9' title="bbox 183 1224 1466 1320; baseline 0.002 -26"><span class='ocrx_word' id='word_1_74' title='bbox 183 1224 267 1295; x_wconf 72' lang='grc' dir='ltr'>λιστα</span> <span class='ocrx_word' id='word_1_75' title='bbox 288 1232 314 1295; x_wconf 87' lang='grc' dir='ltr'><strong>δ’</strong></span> <span class='ocrx_word' id='word_1_76' title='bbox 395 1231 527 1320; x_wconf 60' lang='lat' dir='ltr'><strong>&amp;adram</strong></span> <span class='ocrx_word' id='word_1_77' title='bbox 551 1259 636 1299; x_wconf 89' lang='lat' dir='ltr'><strong>esse</strong></span> <span class='ocrx_word' id='word_1_78' title='bbox 659 1239 798 1299; x_wconf 81' lang='lat' dir='ltr'><strong>facillime</strong></span> <span class='ocrx_word' id='word_1_79' title='bbox 822 1241 960 1299; x_wconf 83' lang='lat' dir='ltr'><strong>emendes</strong></span> <span class='ocrx_word' id='word_1_80' title='bbox 984 1239 1015 1298; x_wconf 87' lang='lat' dir='ltr'><strong>in</strong></span> <span class='ocrx_word' id='word_1_81' title='bbox 1039 1237 1190 1311; x_wconf 82' lang='lat' dir='ltr'><strong>omne*),</strong></span> <span class='ocrx_word' id='word_1_82' title='bbox 1216 1244 1248 1297; x_wconf 93' lang='lat' dir='ltr'><strong>ut</strong></span> <span class='ocrx_word' id='word_1_83' title='bbox 1263 1237 1408 1314; x_wconf 90' lang='lat' dir='ltr'><strong>interpres</strong></span> <span class='ocrx_word' id='word_1_84' title='bbox 1424 1236 1466 1297; x_wconf 92' lang='lat' dir='ltr'><strong>in·</strong></span> 
     </span>
     <span class='ocr_line' id='line_1_10' title="bbox 184 1336 1466 1425; baseline 0 -22"><span class='ocrx_word' id='word_1_85' title='bbox 184 1345 301 1404; x_wconf 89' lang='lat' dir='ltr'><strong>venisse</strong></span> <span class='ocrx_word' id='word_1_86' title='bbox 323 1344 455 1405; x_wconf 91' lang='lat' dir='ltr'><strong>videatur</strong></span> <span class='ocrx_word' id='word_1_87' title='bbox 476 1337 563 1413; x_wconf 79' lang='grc' dir='ltr'>ἅπαν,</span> <span class='ocrx_word' id='word_1_88' title='bbox 587 1339 737 1425; x_wconf 82' lang='grc' dir='ltr'>μάλιστα.</span> <span class='ocrx_word' id='word_1_89' title='bbox 754 1388 761 1401; x_wconf 91' lang='grc'><strong>.</strong></span> <span class='ocrx_word' id='word_1_90' title='bbox 778 1388 785 1402; x_wconf 94' lang='grc'><strong>.</strong></span> <span class='ocrx_word' id='word_1_91' title='bbox 801 1336 872 1403; x_wconf 79' lang='grc' dir='ltr'>ὅθεν</span> <span class='ocrx_word' id='word_1_92' title='bbox 896 1338 1019 1424; x_wconf 74' lang='grc' dir='ltr'>ἀνάγκη.</span> <span class='ocrx_word' id='word_1_93' title='bbox 1057 1345 1133 1404; x_wconf 92' lang='lat' dir='ltr'><strong>Puto</strong></span> <span class='ocrx_word' id='word_1_94' title='bbox 1157 1344 1312 1404; x_wconf 89' lang='lat' dir='ltr'><strong>librarium</strong></span> <span class='ocrx_word' id='word_1_95' title='bbox 1335 1343 1466 1421; x_wconf 88' lang='lat' dir='ltr'><strong>aliquem</strong></span> 
     </span>
     <span class='ocr_line' id='line_1_11' title="bbox 183 1450 1466 1529; baseline 0.001 -19"><span class='ocrx_word' id='word_1_96' title='bbox 183 1450 322 1511; x_wconf 90' lang='lat' dir='ltr'><strong>dictionis</strong></span> <span class='ocrx_word' id='word_1_97' title='bbox 338 1450 507 1511; x_wconf 81' lang='lat' dir='ltr'><strong>Aristotelis</strong></span> <span class='ocrx_word' id='word_1_98' title='bbox 528 1471 588 1512; x_wconf 93' lang='lat' dir='ltr'><strong>non</strong></span> <span class='ocrx_word' id='word_1_99' title='bbox 610 1452 683 1511; x_wconf 91' lang='lat' dir='ltr'><strong>satis</strong></span> <span class='ocrx_word' id='word_1_100' title='bbox 704 1450 830 1529; x_wconf 91' lang='lat' dir='ltr'><strong>peritum</strong></span> <span class='ocrx_word' id='word_1_101' title='bbox 851 1453 891 1514; x_wconf 90' lang='lat' dir='ltr'><strong>ita</strong></span> <span class='ocrx_word' id='word_1_102' title='bbox 912 1452 1090 1511; x_wconf 84' lang='lat' dir='ltr'><strong>sententiam</strong></span> <span class='ocrx_word' id='word_1_103' title='bbox 1106 1453 1262 1513; x_wconf 85' lang='lat' dir='ltr'><strong>formasse.</strong></span> <span class='ocrx_word' id='word_1_104' title='bbox 1294 1450 1372 1511; x_wconf 88' lang='lat' dir='ltr'><strong>Nam</strong></span> <span class='ocrx_word' id='word_1_105' title='bbox 1388 1453 1466 1528; x_wconf 90' lang='lat' dir='ltr'><strong>quod</strong></span> 
     </span>
     <span class='ocr_line' id='line_1_12' title="bbox 184 1556 1464 1635; baseline 0 -18"><span class='ocrx_word' id='word_1_106' title='bbox 184 1556 312 1633; x_wconf 78' lang='lat' dir='ltr'><strong>Spengel</strong></span> <span class='ocrx_word' id='word_1_107' title='bbox 329 1557 488 1618; x_wconf 87' lang='lat' dir='ltr'><strong>arbitratur</strong></span> <span class='ocrx_word' id='word_1_108' title='bbox 502 1557 695 1635; x_wconf 84' lang='lat' dir='ltr'><strong>interpretem</strong></span> <span class='ocrx_word' id='word_1_109' title='bbox 715 1559 751 1617; x_wconf 92' lang='lat' dir='ltr'><strong>de</strong></span> <span class='ocrx_word' id='word_1_110' title='bbox 772 1576 826 1617; x_wconf 91' lang='lat' dir='ltr'><strong>suo</strong></span> <span class='ocrx_word' id='word_1_111' title='bbox 847 1558 875 1617; x_wconf 93' lang='lat' dir='ltr'><strong>id</strong></span> <span class='ocrx_word' id='word_1_112' title='bbox 896 1558 1023 1631; x_wconf 85' lang='lat' dir='ltr'><strong>dedisse,</strong></span> <span class='ocrx_word' id='word_1_113' title='bbox 1048 1558 1138 1616; x_wconf 87' lang='lat' dir='ltr'><strong>nullis</strong></span> <span class='ocrx_word' id='word_1_114' title='bbox 1155 1556 1299 1632; x_wconf 82' lang='lat' dir='ltr'><strong>exemplis</strong></span> <span class='ocrx_word' id='word_1_115' title='bbox 1320 1556 1464 1617; x_wconf 87' lang='lat' dir='ltr'><strong>firmatur.</strong></span> 
     </span>
    </p>

    <p class='ocr_par' dir='ltr' id='par_1_6' title="bbox 183 1662 1484 2168">
     <span class='ocr_line' id='line_1_13' title="bbox 292 1662 1465 1742; baseline -0.002 -16"><span class='ocrx_word' id='word_1_116' title='bbox 292 1667 374 1727; x_wconf 83' lang='lat'><strong>1371</strong></span> <span class='ocrx_word' id='word_1_117' title='bbox 401 1665 420 1724; x_wconf 92' lang='lat' dir='ltr'><strong>b</strong></span> <span class='ocrx_word' id='word_1_118' title='bbox 445 1668 486 1726; x_wconf 87' lang='grc'><strong>30</strong></span> <span class='ocrx_word' id='word_1_119' title='bbox 511 1664 598 1738; x_wconf 82' lang='grc'><strong>(224,</strong></span> <span class='ocrx_word' id='word_1_120' title='bbox 617 1669 648 1736; x_wconf 88' lang='grc'><strong>3)</strong></span> <span class='ocrx_word' id='word_1_121' title='bbox 681 1664 869 1742; x_wconf 87' lang='lat' dir='ltr'><strong>Quantopere</strong></span> <span class='ocrx_word' id='word_1_122' title='bbox 901 1672 959 1724; x_wconf 89' lang='lat' dir='ltr'><strong>tres</strong></span> <span class='ocrx_word' id='word_1_123' title='bbox 988 1664 1123 1723; x_wconf 87' lang='lat' dir='ltr'><strong>codicum</strong></span> <span class='ocrx_word' id='word_1_124' title='bbox 1151 1662 1281 1722; x_wconf 86' lang='lat' dir='ltr'><strong>familiae</strong></span> <span class='ocrx_word' id='word_1_125' title='bbox 1309 1663 1340 1722; x_wconf 89' lang='lat' dir='ltr'><strong>in</strong></span> <span class='ocrx_word' id='word_1_126' title='bbox 1362 1664 1465 1724; x_wconf 91' lang='lat' dir='ltr'><strong>ordine</strong></span> 
     </span>
     <span class='ocr_line' id='line_1_14' title="bbox 184 1769 1466 1851; baseline 0.002 -23"><span class='ocrx_word' id='word_1_127' title='bbox 184 1771 339 1829; x_wconf 90' lang='lat' dir='ltr'><strong>verborum</strong></span> <span class='ocrx_word' id='word_1_128' title='bbox 363 1771 484 1845; x_wconf 84' lang='lat' dir='ltr'><strong>varient,</strong></span> <span class='ocrx_word' id='word_1_129' title='bbox 509 1791 546 1831; x_wconf 82' lang='lat' dir='ltr'><strong>ex</strong></span> <span class='ocrx_word' id='word_1_130' title='bbox 569 1772 616 1831; x_wconf 91' lang='lat' dir='ltr'><strong>bis</strong></span> <span class='ocrx_word' id='word_1_131' title='bbox 640 1791 758 1849; x_wconf 89' lang='lat' dir='ltr'><strong>quoque</strong></span> <span class='ocrx_word' id='word_1_132' title='bbox 780 1772 856 1831; x_wconf 90' lang='lat' dir='ltr'><strong>locis</strong></span> <span class='ocrx_word' id='word_1_133' title='bbox 880 1772 988 1831; x_wconf 87' lang='lat' dir='ltr'><strong>elucet:</strong></span> <span class='ocrx_word' id='word_1_134' title='bbox 1013 1771 1133 1830; x_wconf 92' lang='lat' dir='ltr'><strong>Videtur</strong></span> <span class='ocrx_word' id='word_1_135' title='bbox 1156 1769 1287 1847; x_wconf 89' lang='lat' dir='ltr'><strong>optimus</strong></span> <span class='ocrx_word' id='word_1_136' title='bbox 1312 1789 1378 1851; x_wconf 90' lang='lat' dir='ltr'><strong>esse</strong></span> <span class='ocrx_word' id='word_1_137' title='bbox 1401 1771 1466 1847; x_wconf 89' lang='lat' dir='ltr'><strong>ipse</strong></span> 
     </span>
     <span class='ocr_line' id='line_1_15' title="bbox 184 1867 1484 1955; baseline 0.001 -22"><span class='ocrx_word' id='word_1_138' title='bbox 184 1874 273 1948; x_wconf 82' lang='lat' dir='ltr'><strong>sibi3</strong></span> <span class='ocrx_word' id='word_1_139' title='bbox 302 1882 332 1936; x_wconf 92' lang='lat' dir='ltr'><strong>at</strong></span> <span class='ocrx_word' id='word_1_140' title='bbox 355 1877 447 1936; x_wconf 85' lang='lat' dir='ltr'><strong>codex</strong></span> <span class='ocrx_word' id='word_1_141' title='bbox 472 1876 524 1939; x_wconf 67' lang='lat' dir='ltr'><strong>A0:</strong></span> <span class='ocrx_word' id='word_1_142' title='bbox 553 1871 636 1934; x_wconf 81' lang='grc' dir='ltr'>δοκεῖ</span> <span class='ocrx_word' id='word_1_143' title='bbox 657 1873 803 1954; x_wconf 77' lang='grc' dir='ltr'>βέλτιστος</span> <span class='ocrx_word' id='word_1_144' title='bbox 826 1868 914 1943; x_wconf 73' lang='grc' dir='ltr'>αὐτὸς</span> <span class='ocrx_word' id='word_1_145' title='bbox 937 1867 1051 1935; x_wconf 78' lang='grc' dir='ltr'>αὑτοῦ</span> <span class='ocrx_word' id='word_1_146' title='bbox 1081 1868 1165 1946; x_wconf 74' lang='grc' dir='ltr'>οἴνοις</span> <span class='ocrx_word' id='word_1_147' title='bbox 1194 1876 1368 1937; x_wconf 89' lang='lat' dir='ltr'><strong>deteriores:</strong></span> <span class='ocrx_word' id='word_1_148' title='bbox 1398 1872 1484 1955; x_wconf 74' lang='grc' dir='ltr'><strong>βέλ-Ι</strong></span> 
     </span>
     <span class='ocr_line' id='line_1_16' title="bbox 183 1973 1466 2065; baseline 0.005 -28"><span class='ocrx_word' id='word_1_149' title='bbox 183 1996 276 2046; x_wconf 83' lang='grc' dir='ltr'>τιστος</span> <span class='ocrx_word' id='word_1_150' title='bbox 298 1975 380 2039; x_wconf 80' lang='grc' dir='ltr'>δοκεῖ</span> <span class='ocrx_word' id='word_1_151' title='bbox 401 1974 472 2040; x_wconf 81' lang='grc' dir='ltr'>εἶναι</span> <span class='ocrx_word' id='word_1_152' title='bbox 495 1973 583 2049; x_wconf 72' lang='grc' dir='ltr'>αὐτὸς</span> <span class='ocrx_word' id='word_1_153' title='bbox 605 1973 729 2040; x_wconf 80' lang='grc' dir='ltr'>αὑτοῦ.</span> <span class='ocrx_word' id='word_1_154' title='bbox 755 2015 794 2025; x_wconf 90' lang='grc'>-</span> <span class='ocrx_word' id='word_1_155' title='bbox 819 1983 931 2043; x_wconf 90' lang='lat' dir='ltr'><strong>Deinde</strong></span> <span class='ocrx_word' id='word_1_156' title='bbox 954 1984 1045 2044; x_wconf 86' lang='lat' dir='ltr'><strong>infra:</strong></span> <span class='ocrx_word' id='word_1_157' title='bbox 1079 1977 1371 2063; x_wconf 80' lang='grc' dir='ltr'><strong>1372ε10-(224,</strong></span> <span class='ocrx_word' id='word_1_158' title='bbox 1398 1979 1466 2065; x_wconf 70' lang='grc'><strong>10)</strong></span> 
     </span>
     <span class='ocr_line' id='line_1_17' title="bbox 185 2087 1134 2168; baseline 0.003 -21"><span class='ocrx_word' id='word_1_159' title='bbox 185 2087 362 2149; x_wconf 82' lang='lat' dir='ltr'><strong>Communia</strong></span> <span class='ocrx_word' id='word_1_160' title='bbox 385 2090 465 2150; x_wconf 89' lang='lat' dir='ltr'><strong>enim</strong></span> <span class='ocrx_word' id='word_1_161' title='bbox 489 2090 623 2150; x_wconf 89' lang='lat' dir='ltr'><strong>omnium</strong></span> <span class='ocrx_word' id='word_1_162' title='bbox 647 2091 775 2168; x_wconf 88' lang='lat' dir='ltr'><strong>partium</strong></span> <span class='ocrx_word' id='word_1_163' title='bbox 800 2090 1023 2152; x_wconf 86' lang='lat' dir='ltr'><strong>rhetoricae</strong></span> <span class='ocrx_word' id='word_1_164' title='bbox 1046 2090 1134 2164; x_wconf 84' lang='lat' dir='ltr'><strong>haec;</strong></span> 
     </span>
    </p>

    <p class='ocr_par' dir='ltr' id='par_1_7' title="bbox 300 2192 986 2276">
     <span class='ocr_line' id='line_1_18' title="bbox 300 2192 986 2276; baseline 0.004 -22"><span class='ocrx_word' id='word_1_165' title='bbox 300 2195 353 2256; x_wconf 63' lang='lat' dir='ltr'><strong>Af:</strong></span> <span class='ocrx_word' id='word_1_166' title='bbox 377 2195 461 2254; x_wconf 83' lang='grc' dir='ltr'>κοινὰ</span> <span class='ocrx_word' id='word_1_167' title='bbox 476 2195 532 2276; x_wconf 72' lang='grc' dir='ltr'><strong>γὰρ</strong></span> <span class='ocrx_word' id='word_1_168' title='bbox 548 2201 639 2254; x_wconf 78' lang='grc' dir='ltr'>ταῦτα</span> <span class='ocrx_word' id='word_1_169' title='bbox 661 2196 775 2254; x_wconf 85' lang='grc' dir='ltr'>πάντων</span> <span class='ocrx_word' id='word_1_170' title='bbox 798 2203 854 2254; x_wconf 83' lang='grc' dir='ltr'>των</span> <span class='ocrx_word' id='word_1_171' title='bbox 877 2192 986 2274; x_wconf 72' lang='grc' dir='ltr'>λόγωνς</span> 
     </span>
    </p>

    <p class='ocr_par' dir='ltr' id='par_1_8' title="bbox 240 2294 1469 2700">
     <span class='ocr_line' id='line_1_19' title="bbox 240 2294 1284 2385; baseline -0.001 -25"><span class='ocrx_word' id='word_1_172' title='bbox 240 2298 349 2372; x_wconf 86' lang='lat' dir='ltr'><strong>QYZ:</strong></span> <span class='ocrx_word' id='word_1_173' title='bbox 374 2300 458 2359; x_wconf 76' lang='grc' dir='ltr'>κοινὰ</span> <span class='ocrx_word' id='word_1_174' title='bbox 481 2300 538 2381; x_wconf 76' lang='grc' dir='ltr'><strong>γὰρ</strong></span> <span class='ocrx_word' id='word_1_175' title='bbox 561 2307 616 2360; x_wconf 83' lang='grc' dir='ltr'>των</span> <span class='ocrx_word' id='word_1_176' title='bbox 639 2307 736 2381; x_wconf 82' lang='grc' dir='ltr'>μερῶν</span> <span class='ocrx_word' id='word_1_177' title='bbox 758 2306 825 2383; x_wconf 77' lang='grc' dir='ltr'>τῆς</span> <span class='ocrx_word' id='word_1_178' title='bbox 848 2294 1060 2385; x_wconf 74' lang='grc' dir='ltr'>ῥητορικῆς</span> <span class='ocrx_word' id='word_1_179' title='bbox 1074 2307 1165 2361; x_wconf 81' lang='grc' dir='ltr'>ταῦτα</span> <span class='ocrx_word' id='word_1_180' title='bbox 1180 2303 1284 2361; x_wconf 83' lang='grc' dir='ltr'>πάντα.</span> 
     </span>
     <span class='ocr_line' id='line_1_20' title="bbox 290 2406 1341 2488; baseline 0.005 -22"><span class='ocrx_word' id='word_1_181' title='bbox 290 2406 414 2468; x_wconf 84' lang='lat' dir='ltr'><strong>Talibus</strong></span> <span class='ocrx_word' id='word_1_182' title='bbox 437 2410 511 2469; x_wconf 89' lang='lat' dir='ltr'><strong>locis</strong></span> <span class='ocrx_word' id='word_1_183' title='bbox 536 2409 715 2470; x_wconf 81' lang='lat' dir='ltr'><strong>familiarum</strong></span> <span class='ocrx_word' id='word_1_184' title='bbox 739 2409 894 2473; x_wconf 87' lang='lat' dir='ltr'><strong>diversitas</strong></span> <span class='ocrx_word' id='word_1_185' title='bbox 919 2412 1080 2488; x_wconf 89' lang='lat' dir='ltr'><strong>praecipue</strong></span> <span class='ocrx_word' id='word_1_186' title='bbox 1102 2410 1264 2487; x_wconf 89' lang='lat' dir='ltr'><strong>conspicua</strong></span> <span class='ocrx_word' id='word_1_187' title='bbox 1286 2418 1341 2471; x_wconf 88' lang='lat' dir='ltr'><strong>est.</strong></span> 
     </span>
     <span class='ocr_line' id='line_1_21' title="bbox 291 2507 1469 2599; baseline 0 -23"><span class='ocrx_word' id='word_1_188' title='bbox 291 2515 428 2577; x_wconf 80' lang='lat' dir='ltr'><strong>1372a2</strong></span> <span class='ocrx_word' id='word_1_189' title='bbox 438 2512 589 2597; x_wconf 82' lang='grc'><strong>(224,10)</strong></span> <span class='ocrx_word' id='word_1_190' title='bbox 599 2517 817 2588; x_wconf 85' lang='lat' dir='ltr'><strong>dictasunt(m:</strong></span> <span class='ocrx_word' id='word_1_191' title='bbox 833 2517 904 2590; x_wconf 88' lang='lat' dir='ltr'><strong>sint)</strong></span> <span class='ocrx_word' id='word_1_192' title='bbox 915 2525 1015 2579; x_wconf 91' lang='lat' dir='ltr'><strong>tanta</strong></span> <span class='ocrx_word' id='word_1_193' title='bbox 1025 2518 1174 2592; x_wconf 74' lang='grc' dir='ltr'>(τοσαῦτα)</span> <span class='ocrx_word' id='word_1_194' title='bbox 1185 2549 1218 2558; x_wconf 87' lang='grc'>-</span> <span class='ocrx_word' id='word_1_195' title='bbox 1229 2507 1361 2599; x_wconf 74' lang='grc' dir='ltr'>εἰρήσθω</span> <span class='ocrx_word' id='word_1_196' title='bbox 1368 2521 1469 2590; x_wconf 76' lang='grc' dir='ltr'>ταῦτα,</span> 
     </span>
     <span class='ocr_line' id='line_1_22' title="bbox 735 2623 908 2700; baseline 0.029 -18"><span class='ocrx_word' id='word_1_197' title='bbox 735 2623 832 2700; x_wconf 85' lang='lat' dir='ltr'><strong>Caput</strong></span> <span class='ocrx_word' id='word_1_198' title='bbox 858 2628 908 2687; x_wconf 87' lang='grc'><strong>12.</strong></span> 
     </span>
    </p>

    <p class='ocr_par' dir='ltr' id='par_1_9' title="bbox 101 2722 1470 3233">
     <span class='ocr_line' id='line_1_23' title="bbox 293 2722 1470 2810; baseline -0.002 -20"><span class='ocrx_word' id='word_1_199' title='bbox 293 2731 377 2790; x_wconf 88' lang='grc'><strong>1372</strong></span> <span class='ocrx_word' id='word_1_200' title='bbox 402 2730 454 2789; x_wconf 75' lang='lat' dir='ltr'><strong>a?</strong></span> <span class='ocrx_word' id='word_1_201' title='bbox 480 2728 567 2801; x_wconf 84' lang='lat'><strong>(224,</strong></span> <span class='ocrx_word' id='word_1_202' title='bbox 594 2722 649 2808; x_wconf 83' lang='lat'><strong>15)</strong></span> <span class='ocrx_word' id='word_1_203' title='bbox 675 2728 736 2789; x_wconf 92' lang='lat' dir='ltr'><strong>sive</strong></span> <span class='ocrx_word' id='word_1_204' title='bbox 759 2738 863 2806; x_wconf 87' lang='lat' dir='ltr'><strong>putent</strong></span> <span class='ocrx_word' id='word_1_205' title='bbox 888 2764 925 2774; x_wconf 89' lang='lat'><em>-</em></span> <span class='ocrx_word' id='word_1_206' title='bbox 952 2722 1007 2788; x_wconf 81' lang='grc' dir='ltr'>εἴτε</span> <span class='ocrx_word' id='word_1_207' title='bbox 1030 2724 1075 2789; x_wconf 84' lang='grc' dir='ltr'><strong>ἄν.</strong></span> <span class='ocrx_word' id='word_1_208' title='bbox 1113 2732 1261 2810; x_wconf 88' lang='lat' dir='ltr'><strong>interpres</strong></span> <span class='ocrx_word' id='word_1_209' title='bbox 1284 2741 1336 2794; x_wconf 89' lang='lat' dir='ltr'><strong>aut</strong></span> <span class='ocrx_word' id='word_1_210' title='bbox 1355 2724 1470 2790; x_wconf 78' lang='grc' dir='ltr'>οἴωνται</span> 
     </span>
     <span class='ocr_line' id='line_1_24' title="bbox 185 2831 1468 2913; baseline 0.008 -23"><span class='ocrx_word' id='word_1_211' title='bbox 185 2831 294 2894; x_wconf 92' lang='lat' dir='ltr'><strong>invenit</strong></span> <span class='ocrx_word' id='word_1_212' title='bbox 318 2841 378 2908; x_wconf 84' lang='lat' dir='ltr'><strong>aut,</strong></span> <span class='ocrx_word' id='word_1_213' title='bbox 403 2842 436 2894; x_wconf 91' lang='lat' dir='ltr'><strong>ut</strong></span> <span class='ocrx_word' id='word_1_214' title='bbox 461 2835 695 2912; x_wconf 83' lang='lat' dir='ltr'><strong>praepositiones</strong></span> <span class='ocrx_word' id='word_1_215' title='bbox 712 2843 846 2913; x_wconf 88' lang='lat' dir='ltr'><strong>repetere</strong></span> <span class='ocrx_word' id='word_1_216' title='bbox 869 2840 954 2911; x_wconf 87' lang='lat' dir='ltr'><strong>solet,</strong></span> <span class='ocrx_word' id='word_1_217' title='bbox 980 2838 1097 2899; x_wconf 90' lang='lat' dir='ltr'><strong>etiamsi</strong></span> <span class='ocrx_word' id='word_1_218' title='bbox 1121 2840 1151 2899; x_wconf 90' lang='lat' dir='ltr'><strong>in</strong></span> <span class='ocrx_word' id='word_1_219' title='bbox 1168 2840 1281 2900; x_wconf 87' lang='lat' dir='ltr'><strong>Graeco</strong></span> <span class='ocrx_word' id='word_1_220' title='bbox 1304 2847 1384 2900; x_wconf 81' lang='lat' dir='ltr'><strong>textu</strong></span> <span class='ocrx_word' id='word_1_221' title='bbox 1409 2858 1468 2900; x_wconf 90' lang='lat' dir='ltr'><strong>non</strong></span> 
     </span>
     <span class='ocr_line' id='line_1_25' title="bbox 101 2941 1469 3027; baseline 0.007 -29"><span class='ocrx_word' id='word_1_222' title='bbox 101 2950 107 2965; x_wconf 66' lang='lat'>⁸</span> <span class='ocrx_word' id='word_1_223' title='bbox 184 2941 303 3016; x_wconf 87' lang='lat' dir='ltr'><strong>saepius</strong></span> <span class='ocrx_word' id='word_1_224' title='bbox 320 2948 480 3017; x_wconf 80' lang='lat' dir='ltr'><strong>ponuntur,</strong></span> <span class='ocrx_word' id='word_1_225' title='bbox 504 2941 545 3002; x_wconf 89' lang='lat' dir='ltr'><strong>ita</strong></span> <span class='ocrx_word' id='word_1_226' title='bbox 568 2942 708 3002; x_wconf 90' lang='lat' dir='ltr'><strong>hocloco</strong></span> <span class='ocrx_word' id='word_1_227' title='bbox 728 2945 866 3019; x_wconf 90' lang='lat' dir='ltr'><strong>superius</strong></span> <span class='ocrx_word' id='word_1_228' title='bbox 891 2946 1064 3022; x_wconf 88' lang='lat' dir='ltr'><strong>putarint</strong></span> <span class='ocrx_word' id='word_1_229' title='bbox 1088 2941 1132 3024; x_wconf 89' lang='grc' dir='ltr'><strong>(Μ</strong></span> <span class='ocrx_word' id='word_1_230' title='bbox 1148 2967 1194 3007; x_wconf 84' lang='lat' dir='ltr'><strong>nt:</strong></span> <span class='ocrx_word' id='word_1_231' title='bbox 1221 2941 1338 3027; x_wconf 82' lang='lat' dir='ltr'><strong>putant)</strong></span> <span class='ocrx_word' id='word_1_232' title='bbox 1354 2947 1469 3024; x_wconf 89' lang='lat' dir='ltr'><strong>repetit.</strong></span> 
     </span>
     <span class='ocr_line' id='line_1_26' title="bbox 183 3044 1468 3131; baseline 0.008 -28"><span class='ocrx_word' id='word_1_233' title='bbox 183 3044 214 3105; x_wconf 91' lang='lat' dir='ltr'><strong>id</strong></span> <span class='ocrx_word' id='word_1_234' title='bbox 237 3054 316 3107; x_wconf 90' lang='lat' dir='ltr'><strong>certe</strong></span> <span class='ocrx_word' id='word_1_235' title='bbox 331 3047 520 3108; x_wconf 89' lang='lat' dir='ltr'><strong>verisimilius</strong></span> <span class='ocrx_word' id='word_1_236' title='bbox 537 3057 582 3109; x_wconf 89' lang='lat' dir='ltr'><strong>est</strong></span> <span class='ocrx_word' id='word_1_237' title='bbox 598 3068 689 3126; x_wconf 89' lang='lat' dir='ltr'><strong>quam</strong></span> <span class='ocrx_word' id='word_1_238' title='bbox 705 3057 835 3111; x_wconf 83' lang='lat' dir='ltr'><strong>statuere</strong></span> <span class='ocrx_word' id='word_1_239' title='bbox 851 3054 972 3113; x_wconf 88' lang='lat' dir='ltr'><strong>verbum</strong></span> <span class='ocrx_word' id='word_1_240' title='bbox 989 3053 1182 3130; x_wconf 86' lang='lat' dir='ltr'><strong>depravatum</strong></span> <span class='ocrx_word' id='word_1_241' title='bbox 1198 3073 1266 3114; x_wconf 90' lang='lat' dir='ltr'><strong>esse</strong></span> <span class='ocrx_word' id='word_1_242' title='bbox 1281 3073 1317 3114; x_wconf 82' lang='lat' dir='ltr'><strong>ex</strong></span> <span class='ocrx_word' id='word_1_243' title='bbox 1333 3054 1468 3131; x_wconf 88' lang='lat' dir='ltr'><strong>utique,</strong></span> 
     </span>
     <span class='ocr_line' id='line_1_27' title="bbox 183 3154 531 3233; baseline 0.017 -19"><span class='ocrx_word' id='word_1_244' title='bbox 183 3155 262 3230; x_wconf 88' lang='lat' dir='ltr'><strong>quod</strong></span> <span class='ocrx_word' id='word_1_245' title='bbox 285 3154 414 3232; x_wconf 79' lang='lat' dir='ltr'><strong>Spengel</strong></span> <span class='ocrx_word' id='word_1_246' title='bbox 437 3163 531 3233; x_wconf 84' lang='lat' dir='ltr'><strong>putat.</strong></span> 
     </span>
    </p>

    <p class='ocr_par' dir='ltr' id='par_1_10' title="bbox 137 3257 1470 3774">
     <span class='ocr_line' id='line_1_28' title="bbox 293 3257 1470 3343; baseline 0.002 -20"><span class='ocrx_word' id='word_1_247' title='bbox 293 3263 377 3324; x_wconf 88' lang='grc'><strong>1372</strong></span> <span class='ocrx_word' id='word_1_248' title='bbox 402 3282 420 3322; x_wconf 85' lang='lat' dir='ltr'><strong>a</strong></span> <span class='ocrx_word' id='word_1_249' title='bbox 446 3266 487 3325; x_wconf 90' lang='grc'><strong>23</strong></span> <span class='ocrx_word' id='word_1_250' title='bbox 513 3259 601 3341; x_wconf 87' lang='grc'><strong>(225,</strong></span> <span class='ocrx_word' id='word_1_251' title='bbox 628 3257 661 3343; x_wconf 87' lang='grc'><strong>6)</strong></span> <span class='ocrx_word' id='word_1_252' title='bbox 684 3264 713 3323; x_wconf 89' lang='grc' dir='ltr'>Μ</span> <span class='ocrx_word' id='word_1_253' title='bbox 737 3283 784 3324; x_wconf 84' lang='lat' dir='ltr'><strong>nr:</strong></span> <span class='ocrx_word' id='word_1_254' title='bbox 810 3272 838 3325; x_wconf 90' lang='lat' dir='ltr'><strong>et</strong></span> <span class='ocrx_word' id='word_1_255' title='bbox 855 3267 934 3343; x_wconf 81' lang='lat' dir='ltr'><strong>quod</strong></span> <span class='ocrx_word' id='word_1_256' title='bbox 957 3266 1041 3327; x_wconf 87' lang='lat' dir='ltr'><strong>valde</strong></span> <span class='ocrx_word' id='word_1_257' title='bbox 1064 3265 1094 3327; x_wconf 90' lang='lat' dir='ltr'><strong>in</strong></span> <span class='ocrx_word' id='word_1_258' title='bbox 1119 3265 1276 3327; x_wconf 87' lang='lat' dir='ltr'><strong>manifesto</strong></span> <span class='ocrx_word' id='word_1_259' title='bbox 1300 3273 1329 3327; x_wconf 88' lang='lat' dir='ltr'><strong>et</strong></span> <span class='ocrx_word' id='word_1_260' title='bbox 1352 3265 1382 3326; x_wconf 90' lang='lat' dir='ltr'><strong>in</strong></span> <span class='ocrx_word' id='word_1_261' title='bbox 1402 3285 1470 3326; x_wconf 88' lang='lat' dir='ltr'><strong>ocu·</strong></span> 
     </span>
     <span class='ocr_line' id='line_1_29' title="bbox 181 3364 1469 3455; baseline 0.002 -29"><span class='ocrx_word' id='word_1_262' title='bbox 181 3366 236 3439; x_wconf 84' lang='lat' dir='ltr'><strong>lis3</strong></span> <span class='ocrx_word' id='word_1_263' title='bbox 260 3386 320 3427; x_wconf 90' lang='lat' dir='ltr'><strong>non</strong></span> <span class='ocrx_word' id='word_1_264' title='bbox 336 3368 607 3432; x_wconf 90' lang='lat' dir='ltr'><strong>observabiles</strong></span> <span class='ocrx_word' id='word_1_265' title='bbox 625 3402 664 3410; x_wconf 93' lang='lat'><em>-</em></span> <span class='ocrx_word' id='word_1_266' title='bbox 681 3368 735 3428; x_wconf 76' lang='lat' dir='ltr'><strong>atat</strong></span> <span class='ocrx_word' id='word_1_267' title='bbox 749 3367 782 3428; x_wconf 86' lang='grc' dir='ltr'>τὸ</span> <span class='ocrx_word' id='word_1_268' title='bbox 797 3372 922 3445; x_wconf 78' lang='lat' dir='ltr'><strong>(QYZz</strong></span> <span class='ocrx_word' id='word_1_269' title='bbox 947 3371 984 3431; x_wconf 82' lang='grc' dir='ltr'>τὰ</span> <span class='ocrx_word' id='word_1_270' title='bbox 998 3368 1066 3430; x_wconf 84' lang='grc' dir='ltr'>λίαν</span> <span class='ocrx_word' id='word_1_271' title='bbox 1081 3364 1111 3430; x_wconf 81' lang='grc' dir='ltr'><strong>ὲν</strong></span> <span class='ocrx_word' id='word_1_272' title='bbox 1126 3368 1256 3455; x_wconf 74' lang='grc' dir='ltr'>φανερῷ)</span> <span class='ocrx_word' id='word_1_273' title='bbox 1271 3367 1337 3431; x_wconf 77' lang='grc' dir='ltr'>λίαν</span> <span class='ocrx_word' id='word_1_274' title='bbox 1353 3376 1469 3454; x_wconf 79' lang='grc' dir='ltr'>φανεριῑι</span> 
     </span>
     <span class='ocr_line' id='line_1_30' title="bbox 137 3464 1469 3560; baseline 0.005 -30"><span class='ocrx_word' id='word_1_275' title='bbox 137 3466 142 3473; x_wconf 78' lang='grc'><strong><em>’</em></strong></span> <span class='ocrx_word' id='word_1_276' title='bbox 181 3470 234 3531; x_wconf 75' lang='grc' dir='ltr'><strong>καὶ</strong></span> <span class='ocrx_word' id='word_1_277' title='bbox 256 3464 287 3531; x_wconf 72' lang='grc' dir='ltr'><strong>ἐν</strong></span> <span class='ocrx_word' id='word_1_278' title='bbox 309 3465 490 3555; x_wconf 68' lang='grc' dir='ltr'>ὀφθαλμοῖς·</span> <span class='ocrx_word' id='word_1_279' title='bbox 515 3470 686 3559; x_wconf 79' lang='grc' dir='ltr'>ἀφίιλανιτα.</span> <span class='ocrx_word' id='word_1_280' title='bbox 731 3477 933 3540; x_wconf 89' lang='lat' dir='ltr'><strong>Masoulinum</strong></span> <span class='ocrx_word' id='word_1_281' title='bbox 955 3472 1121 3560; x_wconf 78' lang='grc' dir='ltr'>ἀρὺλανιτοι</span> <span class='ocrx_word' id='word_1_282' title='bbox 1145 3479 1348 3556; x_wconf 88' lang='lat' dir='ltr'><strong>superioribus</strong></span> <span class='ocrx_word' id='word_1_283' title='bbox 1372 3477 1469 3538; x_wconf 90' lang='lat' dir='ltr'><strong>verbis</strong></span> 
     </span>
     <span class='ocr_line' id='line_1_31' title="bbox 181 3571 1470 3663; baseline 0.007 -27"><span class='ocrx_word' id='word_1_284' title='bbox 181 3571 341 3662; x_wconf 74' lang='grc' dir='ltr'>λαθητικοὶ</span> <span class='ocrx_word' id='word_1_285' title='bbox 363 3583 439 3641; x_wconf 90' lang='lat' dir='ltr'><strong>bene</strong></span> <span class='ocrx_word' id='word_1_286' title='bbox 461 3583 607 3648; x_wconf 88' lang='lat' dir='ltr'><strong>convenit.</strong></span> <span class='ocrx_word' id='word_1_287' title='bbox 654 3584 712 3645; x_wconf 91' lang='lat' dir='ltr'><strong>Sed</strong></span> <span class='ocrx_word' id='word_1_288' title='bbox 735 3586 896 3662; x_wconf 90' lang='lat' dir='ltr'><strong>quominus</strong></span> <span class='ocrx_word' id='word_1_289' title='bbox 920 3585 1111 3663; x_wconf 87' lang='lat' dir='ltr'><strong>recipiamus,</strong></span> <span class='ocrx_word' id='word_1_290' title='bbox 1136 3586 1245 3658; x_wconf 92' lang='lat' dir='ltr'><strong>obstat,</strong></span> <span class='ocrx_word' id='word_1_291' title='bbox 1278 3584 1470 3662; x_wconf 86' lang='lat' dir='ltr'><strong>quodetiam</strong></span> 
     </span>
     <span class='ocr_line' id='line_1_32' title="bbox 183 3683 1346 3774; baseline 0.005 -28"><span class='ocrx_word' id='word_1_292' title='bbox 183 3686 259 3747; x_wconf 85' lang='lat' dir='ltr'><strong>infra</strong></span> <span class='ocrx_word' id='word_1_293' title='bbox 282 3697 420 3750; x_wconf 90' lang='lat' dir='ltr'><strong>neutrum</strong></span> <span class='ocrx_word' id='word_1_294' title='bbox 443 3690 550 3766; x_wconf 80' lang='lat' dir='ltr'><strong>legitur</strong></span> <span class='ocrx_word' id='word_1_295' title='bbox 572 3683 620 3769; x_wconf 78' lang='grc' dir='ltr'><strong>(τὰ</strong></span> <span class='ocrx_word' id='word_1_296' title='bbox 643 3686 807 3773; x_wconf 70' lang='grc' dir='ltr'>τηλικαῦτα</span> <span class='ocrx_word' id='word_1_297' title='bbox 824 3736 830 3749; x_wconf 94' lang='grc'><strong>.</strong></span> <span class='ocrx_word' id='word_1_298' title='bbox 848 3736 855 3750; x_wconf 94' lang='grc'><strong>.</strong></span> <span class='ocrx_word' id='word_1_299' title='bbox 872 3737 879 3751; x_wconf 93' lang='grc'><strong>.</strong></span> <span class='ocrx_word' id='word_1_300' title='bbox 895 3686 1055 3774; x_wconf 77' lang='grc' dir='ltr'>ἆμὺλακτα</span> <span class='ocrx_word' id='word_1_301' title='bbox 1077 3691 1134 3772; x_wconf 71' lang='grc' dir='ltr'><strong>γὰρ</strong></span> <span class='ocrx_word' id='word_1_302' title='bbox 1157 3688 1210 3749; x_wconf 76' lang='grc' dir='ltr'><strong>καὶ</strong></span> <span class='ocrx_word' id='word_1_303' title='bbox 1232 3686 1346 3773; x_wconf 78' lang='grc' dir='ltr'>ταῦτα).</span> 
     </span>
    </p>

    <p class='ocr_par' dir='ltr' id='par_1_11' title="bbox 181 3792 1471 4096">
     <span class='ocr_line' id='line_1_33' title="bbox 291 3792 1471 3878; baseline -0.001 -19"><span class='ocrx_word' id='word_1_304' title='bbox 291 3798 376 3860; x_wconf 91' lang='grc'><strong>1372</strong></span> <span class='ocrx_word' id='word_1_305' title='bbox 400 3817 419 3856; x_wconf 94' lang='lat' dir='ltr'><strong>a</strong></span> <span class='ocrx_word' id='word_1_306' title='bbox 443 3801 482 3860; x_wconf 93' lang='grc'><strong>27</strong></span> <span class='ocrx_word' id='word_1_307' title='bbox 510 3792 598 3878; x_wconf 90' lang='grc'><strong>(225,</strong></span> <span class='ocrx_word' id='word_1_308' title='bbox 617 3797 648 3869; x_wconf 87' lang='grc'><strong>9)</strong></span> <span class='ocrx_word' id='word_1_309' title='bbox 673 3817 778 3859; x_wconf 89' lang='lat' dir='ltr'><strong>omnes</strong></span> <span class='ocrx_word' id='word_1_310' title='bbox 801 3799 882 3860; x_wconf 90' lang='lat' dir='ltr'><strong>enim</strong></span> <span class='ocrx_word' id='word_1_311' title='bbox 898 3806 1042 3860; x_wconf 87' lang='lat' dir='ltr'><strong>consueta</strong></span> <span class='ocrx_word' id='word_1_312' title='bbox 1062 3801 1273 3860; x_wconf 86' lang='lat' dir='ltr'><strong>observant</strong></span> <span class='ocrx_word' id='word_1_313' title='bbox 1293 3799 1399 3860; x_wconf 90' lang='lat' dir='ltr'><strong>velut</strong></span> <span class='ocrx_word' id='word_1_314' title='bbox 1418 3797 1471 3859; x_wconf 88' lang='lat' dir='ltr'><strong>in·</strong></span> 
     </span>
     <span class='ocr_line' id='line_1_34' title="bbox 183 3900 1471 3988; baseline 0.01 -28"><span class='ocrx_word' id='word_1_315' title='bbox 183 3900 396 3964; x_wconf 86' lang='lat' dir='ltr'><strong>firmitates</strong></span> <span class='ocrx_word' id='word_1_316' title='bbox 420 3904 474 3964; x_wconf 87' lang='lat' dir='ltr'><strong>ita</strong></span> <span class='ocrx_word' id='word_1_317' title='bbox 498 3914 527 3966; x_wconf 90' lang='lat' dir='ltr'><strong>et</strong></span> <span class='ocrx_word' id='word_1_318' title='bbox 550 3903 673 3966; x_wconf 89' lang='lat' dir='ltr'><strong>iniurias</strong></span> <span class='ocrx_word' id='word_1_319' title='bbox 697 3926 797 3985; x_wconf 86' lang='lat' dir='ltr'><strong>quae</strong></span> <span class='ocrx_word' id='word_1_320' title='bbox 820 3911 880 3980; x_wconf 75' lang='grc' dir='ltr'><strong>(ωε</strong></span> <span class='ocrx_word' id='word_1_321' title='bbox 907 3908 985 3985; x_wconf 83' lang='lat' dir='ltr'><strong>quia,</strong></span> <span class='ocrx_word' id='word_1_322' title='bbox 1010 3906 1056 3971; x_wconf 89' lang='lat' dir='ltr'><strong>M:</strong></span> <span class='ocrx_word' id='word_1_323' title='bbox 1082 3902 1154 3988; x_wconf 86' lang='lat' dir='ltr'><strong>qua)</strong></span> <span class='ocrx_word' id='word_1_324' title='bbox 1173 3905 1273 3966; x_wconf 89' lang='lat' dir='ltr'><strong>enim</strong></span> <span class='ocrx_word' id='word_1_325' title='bbox 1300 3937 1336 3948; x_wconf 92' lang='lat'><em>-</em></span> <span class='ocrx_word' id='word_1_326' title='bbox 1366 3903 1471 3973; x_wconf 66' lang='grc' dir='ltr'>πάπες</span> 
     </span>
     <span class='ocr_line' id='line_1_35' title="bbox 181 3999 1426 4096; baseline 0.005 -32"><span class='ocrx_word' id='word_1_327' title='bbox 181 4004 239 4085; x_wconf 75' lang='grc' dir='ltr'><strong>γὰρ</strong></span> <span class='ocrx_word' id='word_1_328' title='bbox 261 4007 298 4066; x_wconf 86' lang='grc' dir='ltr'>τὰ</span> <span class='ocrx_word' id='word_1_329' title='bbox 321 3999 450 4069; x_wconf 76' lang='grc' dir='ltr'>εἰωθότα</span> <span class='ocrx_word' id='word_1_330' title='bbox 472 4003 570 4090; x_wconf 72' lang='grc' dir='ltr'>ὥσπερ</span> <span class='ocrx_word' id='word_1_331' title='bbox 593 4004 812 4094; x_wconf 65' lang='grc' dir='ltr'>ἀρρωστήματα</span> <span class='ocrx_word' id='word_1_332' title='bbox 836 4010 1028 4096; x_wconf 79' lang='grc' dir='ltr'>φυλάττονται</span> <span class='ocrx_word' id='word_1_333' title='bbox 1050 4010 1104 4073; x_wconf 80' lang='grc' dir='ltr'><strong>καὶ</strong></span> <span class='ocrx_word' id='word_1_334' title='bbox 1125 4005 1323 4095; x_wconf 75' lang='grc' dir='ltr'>τάδικήματα,</span> <span class='ocrx_word' id='word_1_335' title='bbox 1345 4007 1362 4071; x_wconf 83' lang='grc'><strong>3</strong></span> <span class='ocrx_word' id='word_1_336' title='bbox 1384 4006 1426 4077; x_wconf 78' lang='grc' dir='ltr'><strong>δέ.</strong></span> 
     </span>
    </p>

    <p class='ocr_par' dir='ltr' id='par_1_12' title="bbox 182 4109 1474 4417">
     <span class='ocr_line' id='line_1_36' title="bbox 291 4109 1473 4200; baseline -0.003 -20"><span class='ocrx_word' id='word_1_337' title='bbox 291 4120 375 4182; x_wconf 89' lang='grc'><strong>1372</strong></span> <span class='ocrx_word' id='word_1_338' title='bbox 400 4119 419 4178; x_wconf 95' lang='lat' dir='ltr'><strong>b</strong></span> <span class='ocrx_word' id='word_1_339' title='bbox 445 4122 486 4183; x_wconf 95' lang='grc'><strong>10</strong></span> <span class='ocrx_word' id='word_1_340' title='bbox 518 4119 604 4195; x_wconf 88' lang='grc'><strong>(226,</strong></span> <span class='ocrx_word' id='word_1_341' title='bbox 631 4115 664 4200; x_wconf 86' lang='grc'><strong>3)</strong></span> <span class='ocrx_word' id='word_1_342' title='bbox 696 4120 746 4198; x_wconf 91' lang='lat' dir='ltr'><strong>qui</strong></span> <span class='ocrx_word' id='word_1_343' title='bbox 778 4121 885 4184; x_wconf 87' lang='lat' dir='ltr'><strong>devicti</strong></span> <span class='ocrx_word' id='word_1_344' title='bbox 918 4122 1037 4199; x_wconf 91' lang='lat' dir='ltr'><strong>penitus</strong></span> <span class='ocrx_word' id='word_1_345' title='bbox 1068 4122 1172 4183; x_wconf 89' lang='lat' dir='ltr'><strong>volunt</strong></span> <span class='ocrx_word' id='word_1_346' title='bbox 1200 4121 1316 4181; x_wconf 89' lang='lat' dir='ltr'><strong>vincere</strong></span> <span class='ocrx_word' id='word_1_347' title='bbox 1347 4148 1387 4161; x_wconf 91' lang='lat'>-</span> <span class='ocrx_word' id='word_1_348' title='bbox 1412 4109 1473 4177; x_wconf 76' lang='grc' dir='ltr'>οἷον</span> 
     </span>
     <span class='ocr_line' id='line_1_37' title="bbox 182 4210 1474 4302; baseline 0.009 -26"><span class='ocrx_word' id='word_1_349' title='bbox 182 4210 405 4302; x_wconf 72' lang='grc' dir='ltr'>ἀναμάχεσθαι.</span> <span class='ocrx_word' id='word_1_350' title='bbox 452 4226 496 4287; x_wconf 90' lang='lat' dir='ltr'><strong>De</strong></span> <span class='ocrx_word' id='word_1_351' title='bbox 518 4227 575 4286; x_wconf 91' lang='lat' dir='ltr'><strong>hoc</strong></span> <span class='ocrx_word' id='word_1_352' title='bbox 599 4227 666 4287; x_wconf 87' lang='lat' dir='ltr'><strong>loco</strong></span> <span class='ocrx_word' id='word_1_353' title='bbox 694 4227 825 4289; x_wconf 86' lang='lat' dir='ltr'><strong>incertus</strong></span> <span class='ocrx_word' id='word_1_354' title='bbox 854 4230 974 4292; x_wconf 89' lang='lat' dir='ltr'><strong>haereo.</strong></span> <span class='ocrx_word' id='word_1_355' title='bbox 1020 4228 1211 4291; x_wconf 86' lang='lat' dir='ltr'><strong>Manifestum</strong></span> <span class='ocrx_word' id='word_1_356' title='bbox 1241 4226 1270 4288; x_wconf 91' lang='lat' dir='ltr'><strong>id</strong></span> <span class='ocrx_word' id='word_1_357' title='bbox 1301 4228 1398 4288; x_wconf 85' lang='lat' dir='ltr'><strong>solum</strong></span> <span class='ocrx_word' id='word_1_358' title='bbox 1428 4234 1474 4287; x_wconf 85' lang='lat' dir='ltr'><strong>est</strong></span> 
     </span>
     <span class='ocr_line' id='line_1_38' title="bbox 182 4324 1473 4417; baseline 0.002 -28"><span class='ocrx_word' id='word_1_359' title='bbox 182 4326 373 4409; x_wconf 87' lang='lat' dir='ltr'><strong>interpretem</strong></span> <span class='ocrx_word' id='word_1_360' title='bbox 396 4350 455 4393; x_wconf 90' lang='lat' dir='ltr'><strong>non</strong></span> <span class='ocrx_word' id='word_1_361' title='bbox 479 4333 627 4395; x_wconf 89' lang='lat' dir='ltr'><strong>invenisse</strong></span> <span class='ocrx_word' id='word_1_362' title='bbox 641 4335 836 4413; x_wconf 87' lang='lat' dir='ltr'><strong>depravatum</strong></span> <span class='ocrx_word' id='word_1_363' title='bbox 859 4330 929 4413; x_wconf 71' lang='grc' dir='ltr'>οἱον,</span> <span class='ocrx_word' id='word_1_364' title='bbox 955 4337 1007 4399; x_wconf 84' lang='lat' dir='ltr'><strong>sed</strong></span> <span class='ocrx_word' id='word_1_365' title='bbox 1031 4337 1160 4399; x_wconf 84' lang='lat' dir='ltr'><strong>fortasse</strong></span> <span class='ocrx_word' id='word_1_366' title='bbox 1182 4324 1237 4392; x_wconf 73' lang='grc' dir='ltr'>οἷοι</span> <span class='ocrx_word' id='word_1_367' title='bbox 1251 4326 1473 4417; x_wconf 77' lang='grc' dir='ltr'>ἀναμάχεσθαι,</span> 
     </span>
    </p>
   </div>
   <div class='ocr_carea' id='block_1_4' title="bbox 186 4433 398 4444">
    <p class='ocr_par' dir='ltr' id='par_1_13' title="bbox 186 4433 398 4444">
     <span class='ocr_line' id='line_1_39' title="bbox 186 4433 398 4444; baseline 0.005 -1"><span class='ocrx_word' id='word_1_368' title='bbox 186 4433 398 4444; x_wconf 42' lang='grc'>*...-...-</span> 
     </span>
    </p>
   </div>
   <div class='ocr_carea' id='block_1_5' title="bbox 289 4466 1117 4547">
    <p class='ocr_par' dir='ltr' id='par_1_14' title="bbox 289 4466 1117 4547">
     <span class='ocr_line' id='line_1_40' title="bbox 289 4466 1117 4547; baseline 0.007 -22"><span class='ocrx_word' id='word_1_369' title='bbox 289 4466 315 4539; x_wconf 82' lang='lat'><strong>⁰)</strong></span> <span class='ocrx_word' id='word_1_370' title='bbox 336 4468 514 4535; x_wconf 75' lang='lat' dir='ltr'><strong>Corterate,</strong></span> <span class='ocrx_word' id='word_1_371' title='bbox 534 4468 576 4535; x_wconf 84' lang='grc'><strong>20,</strong></span> <span class='ocrx_word' id='word_1_372' title='bbox 596 4469 642 4525; x_wconf 92' lang='lat' dir='ltr'><strong>ubi</strong></span> <span class='ocrx_word' id='word_1_373' title='bbox 661 4469 687 4526; x_wconf 86' lang='lat' dir='ltr'><strong>li</strong></span> <span class='ocrx_word' id='word_1_374' title='bbox 706 4487 804 4527; x_wconf 87' lang='lat' dir='ltr'><strong>omne</strong></span> <span class='ocrx_word' id='word_1_375' title='bbox 823 4491 874 4547; x_wconf 91' lang='lat' dir='ltr'><strong>pro</strong></span> <span class='ocrx_word' id='word_1_376' title='bbox 893 4491 973 4531; x_wconf 81' lang='lat' dir='ltr'><strong>cese</strong></span> <span class='ocrx_word' id='word_1_377' title='bbox 995 4475 1117 4532; x_wconf 76' lang='lat' dir='ltr'><strong>exhibet.</strong></span> 
     </span>
    </p>
   </div>
   <div class='ocr_carea' id='block_1_6' title="bbox 0 0 1726 5246">
    <p class='ocr_par' dir='ltr' id='par_1_15' title="bbox 0 0 1726 5246">
     <span class='ocr_line' id='line_1_41' title="bbox 0 0 1726 5246; baseline 0 0"><span class='ocrx_word' id='word_1_378' title='bbox 0 0 1726 5246; x_wconf 95' lang='lat' dir='ltr'><strong> </strong></span> 
     </span>
    </p>
   </div>
  </div>
 </body>
</html>
