3442 5246
819 319 1036 393 ..64..

285 526 364 606 quod
387 531 503 604 praeter
526 526 768 587 consuetudinem
791 529 828 589 ad
853 547 975 590 sensum
1003 529 1099 607 magis
1124 548 1214 608 quam
1243 527 1280 591 ad
1310 529 1398 592 verba
1427 536 1565 611 spectans

286 636 468 696 transferret.
502 634 642 694 Munatius
666 637 843 696 antecedens
869 638 1058 715 participium
1082 628 1349 719 (ἀποτετυχηκότες
1374 659 1414 693 =
1438 641 1487 718 qui
1503 661 1566 718 per·

285 744 373 803 ficere
395 735 601 820 nequiverunt)
625 742 787 818 respiciens
812 742 918 817 (acute,
944 752 976 804 ut
999 745 1040 804 ait
1064 739 1171 825 Buhle)
1196 745 1319 805 coniecit
1342 747 1472 819 „lectum
1495 748 1567 807 olim

285 850 392 911 inisse:
417 838 445 906 οἱ
467 839 721 928 ἀποτετυχηκώτες
746 840 1022 928 ἀναμάχεσθαι.“*)
1055 851 1157 910 Potius
1182 850 1369 929 participium
1394 843 1569 933 ἡττηθέντες

286 957 410 1029 invenit,
442 973 511 1013 cum
534 953 623 1012 etiam
648 954 740 1014 schol.
765 954 886 1015 haheat:
912 946 952 1022 ὡς
975 954 1032 1034 γὰρ
1055 949 1085 1014 ἐν
1107 961 1166 1023 τοῖς
1188 952 1359 1037 πολεμικοῖς
1386 948 1568 1038 ὅρμησαντὲς

285 1077 357 1128 τινες
379 1063 445 1118 κατ’
463 1052 584 1139 ἐχθρῶν
606 1057 658 1115 καί
681 1051 855 1139 ἡττηθέντες
878 1050 912 1117 οἰ)
936 1059 1108 1140 στέργουσιν,
1132 1055 1200 1121 ἀλλ’
1217 1055 1428 1143 ἀναμάχυνται.
1593 1040 1603 1051 “

393 1168 477 1229 1372
502 1165 521 1223 b
547 1168 585 1227 19
612 1159 775 1245 (22614)
799 1166 879 1225 enim
907 1199 943 1208 ·-
970 1162 1011 1224 δὲ.

395 1274 478 1334 1372
504 1271 522 1329 b
547 1275 586 1334 27
613 1271 701 1345 (226,
720 1267 775 1347 21)
801 1272 945 1332 enim-
970 1268 1011 1331 ot.

396 1381 480 1441 1372
497 1379 516 1437 b
534 1380 574 1439 28
592 1378 679 1451 (226,
698 1378 752 1449 22)
770 1377 1013 1441 Calcedonios-
1032 1372 1268 1461 Καρχηδονίους.
1292 1382 1364 1441 Vide
1380 1381 1430 1459 Sp.
1444 1382 1477 1442 ΙΙ.
1493 1384 1565 1445 173

264 1508 268 1517 ·
288 1485 385 1547 Etiam
409 1485 502 1544 schol.
528 1485 647 1561 praebet
670 1475 907 1564 Καλχηδονίους.

398 1595 482 1655 1372
507 1592 526 1651 b
551 1593 591 1652 33
617 1584 704 1669 (226,
724 1585 777 1670 27)
803 1592 883 1650 odire
907 1594 1053 1652 vatde—
1079 1583 1189 1649 Μυσων
1211 1587 1254 1648 λε
1246 1607 1299 1650 αν
1346 1592 1455 1653 Invenit
1478 1582 1569 1673 μισεῖν

284 1698 362 1771 >datu
385 1696 499 1781 (confer
524 1701 609 1761 1405
634 1718 652 1758 a
677 1703 717 1760 29
742 1698 888 1774 (3046
849 1704 863 1761 1
871 1694 903 1776 6)
928 1689 1087 1775 ἀποβὰς
1066 1715 1107 1764 εις
1130 1689 1304 1755 Muciae:
1265 1699 1568 1776 *progrediensin

285 1811 420 1887 Mysiam.
448 1810 529 1870 1411
551 1826 568 1865 a
586 1809 627 1867 14
652 1799 740 1882 (319,
760 1798 792 1883 6)
809 1801 861 1883 την
884 1795 964 1864 λείαν
987 1808 1037 1861 τοῦ
1052 1796 1213 1883 Πειραιέως
1231 1836 1270 1847 -
1288 1807 1429 1882 praedam
1453 1801 1566 1886 pireci).

392 1919 477 1980 1372
494 1915 513 1973 b
531 1915 569 1974 31
598 1905 685 1990 (217,
706 1906 738 1992 1)
763 1918 917 1988 tamqnam
936 1942 973 1953 -
993 1902 1042 1976 ών,
1068 1902 1245 1985 Invenitur,
1271 1914 1349 1988 quod
1366 1913 1454 1973 habet
1469 1913 1509 1972 A⁸
1525 1934 1569 1991 pr.

283 2043 330 2100 ap.
348 2021 442 2082 Gaisi.

391 2131 475 2191 1373
501 2145 518 2185 a
543 2131 561 2187 2
586 2125 673 2199 (227,
694 2125 724 2198 5)
750 2131 886 2202 parentes
913 2155 950 2164 —
977 2122 1146 2202 προγόνους.
1170 2124 1311 2185 Fortasse
1334 2126 1443 2186 invenit
1465 2129 1567 2207 γονεῖς,

282 2254 351 2295 cum
375 2234 449 2293 alias
473 2239 505 2291 ut
529 2231 618 2308 paulo
643 2250 735 2308 supra
758 2238 836 2290 recte
859 2228 1007 2308 προγόνων
1031 2230 1188 2289 reddiderit
1205 2232 1309 2291 verbo:
1334 2233 1566 2308 progenitorum.

391 2343 475 2404 1373
501 2358 518 2398 e
544 2341 560 2399 7
587 2336 742 2412 (227,]0)
766 2357 825 2397 non
850 2356 953 2397 carum
979 2366 1017 2378 -
1043 2334 1086 2416 μὴ
1109 2331 1265 2394 λυσιπελεῐ.
1301 2338 1366 2399 Ille:
1391 2334 1567 2406 notescite?

392 2450 476 2510 1373
502 2465 519 2505 e
544 2449 582 2508 11
610 2444 771 2517 (227,15)
801 2444 831 2503 in
858 2444 948 2503 talem
980 2443 1089 2502 iniusta
1112 2462 1248 2504 exercere
1271 2451 1302 2504 ut
1332 2446 1484 2505 consuevit
1511 2447 1565 2519 (Με

283 2553 510 2623 consueverunt)
529 2582 568 2591 -—
586 2543 655 2608 ὅταν
670 2566 695 2608 τι
711 2553 837 2607 τοιοῦτον
853 2542 989 2630 ἀδικηθῇ
1005 2565 1047 2614 τις
1063 2539 1122 2606 οἷον
1138 2538 1245 2605 εἰώθει.
1273 2551 1422 2610 Invenisse
1439 2553 1566 2613 videtur:

283 2667 410 2720 τοιοῦτον
434 2653 543 2717 ἀδικεῖν
566 2649 626 2715 οἷον
649 2651 762 2715 εἴωθεν.

391 2771 475 2833 1373
500 2785 518 2825 a
542 2768 582 2829 15
608 2763 884 2840 (22?‚19)videri
908 2758 1093 2845 (μαίνεσθαι)
1119 2796 1157 2805 -
1185 2757 1327 2847 potueram
1351 2766 1454 2826 eadem
1477 2766 1567 2826 varie·

285 2884 332 2937 ias
357 2879 399 2938 20
423 2873 502 2948 (25).

392 2983 477 3044 1373
494 3000 513 3039 a
530 2982 569 3046 18
588 2977 676 3059 (227,
692 2973 747 3061 23)
763 2978 895 3038 inclinati
912 2978 1027 3038 fuerant
1043 2969 1272 3059 (ἐγκεκλικότες)
1288 3011 1325 3022 -
1339 2971 1565 3061 ἐγκεκληκότες.

392 3091 478 3151 1373
502 3105 521 3146 a
544 3089 582 3149 21
610 3086 698 3160 (227,
714 3085 767 3159 26)
791 3103 852 3144 non
876 3115 916 3126 -—
941 3074 1045 3143 edictu.
1307 3106 1309 3111 .

392 3197 477 3259 1373
502 3214 519 3254 e
543 3197 585 3255 36
610 3185 773 3274 (22315)
798 3193 954 3252 conferens
978 3190 1157 3273 (συμφέρων)
1184 3221 1221 3234 -
1249 3183 1265 3250 6
1288 3182 1414 3258 ἐπεξιών.

840 3298 937 3377 Caput
961 3302 1012 3382 13.

394 3410 478 3471 1373
502 3408 521 3468 b
546 3413 564 3470 2
589 3399 751 3489 (22319)
775 3411 874 3467 autem
900 3408 939 3448 -Ξ
964 3400 1010 3487 δη.

393 3515 514 3579 13731)
535 3521 552 3577 5
578 3514 665 3586 (223,
683 3512 737 3586 22)
761 3520 790 3572 et
812 3513 920 3573 harum
942 3512 1019 3572 hanc
1043 3512 1162 3589 quidem
1180 3543 1218 3552 -
1236 3507 1289 3569 καὶ
1310 3515 1410 3570 τοῦτον
1432 3509 1481 3571 τὸν
1504 3511 1565 3592 μέν.

284 3624 502 3721 Fortassenon
523 3620 633 3681 invenit
652 3617 769 3694 τοώτων,
794 3620 846 3680 sed
866 3619 1026 3697 genitivum
1046 3619 1155 3679 idcirco
1179 3620 1288 3697 posuit,
1310 3640 1348 3679 ne
1363 3639 1453 3680 casus
1469 3621 1566 3682 hanc

285 3733 383 3795 hanc
407 3734 623 3792 concurrerent.

393 3837 571 3901 1373515
589 3834 676 3909 (229,
691 3833 724 3906 3)
740 3833 787 3893 his
804 3831 922 3912 quidem
940 3833 1063 3898 ...illis
1080 3838 1178 3894 autem
1196 3862 1235 3874 -—
1253 3829 1307 3892 τισὶ
1322 3829 1375 3914 μὲν
1395 3829 1510 3891 ...τισὶ
1525 3826 1565 3890 δέ.

285 3945 350 4008 Hoc
365 3963 484 4024 quoque
498 3943 565 4002 loco
580 3942 740 4002 admodum
752 3940 899 4001 incertum
920 3947 974 4015 est,
991 3960 1064 4000 num
1074 3943 1135 4007 τοῖς
1150 3937 1203 4019 μὲν
1218 3981 1225 3996 .
1242 3982 1249 3997 .
1266 3982 1273 3997 .
1289 3942 1348 4006 τοῖς
1363 3933 1396 3996 δέ
1412 3937 1524 4015 legerit.

393 4054 478 4116 1373
502 4051 521 4111 b
546 4052 585 4113 13
611 4048 698 4122 (229,
717 4047 748 4122 6)
779 4049 867 4108 etad
891 4067 967 4125 quos
990 4055 1090 4107 autem
1117 4045 1272 4123 dupliciter
1304 4044 1430 4107 sumitur
1454 4046 1566 4107 iustum

285 4161 332 4223 vel
354 4158 498 4220 iniustum
520 4151 564 4237 (m
587 4174 638 4217 om
660 4163 709 4229 et,
733 4154 851 4216 deinde:
881 4155 1007 4215 sumitur
1030 4153 1142 4214 iustum
1164 4155 1209 4213 vel
1237 4144 1391 4229 iniustum)

579 4263 627 4323 Aa
652 4259 726 4340 πρὸς
748 4254 800 4328 οὓς
822 4255 855 4318 δὲ
877 4255 1023 4338 διώρισται
1044 4254 1116 4341 δίχα
1138 4250 1272 4338 ώρισται;

520 4369 628 4445 ΩΥΖι
651 4366 726 4450 πρὸς
748 4361 799 4437 οὓς
822 4360 855 4427 δὲ
878 4361 1031 4447 διώρισται
1054 4362 1146 4449 διχῶς
1168 4360 1331 4447 διώρισται

289 4474 492 4487 W-

391 4508 418 4582 ‘)
438 4508 567 4565 Vetanus:
587 4505 609 4563 at
627 4505 830 4581 καταμαχόμενοι
849 4503 1026 4579 ώναμώχονται.
