3442 5246
694 322 909 397 „57-

271 529 356 592 1363
371 529 443 591 033
457 525 544 617 (203,
564 532 597 603 3)
613 526 759 591 defectum
784 526 911 610 patietur
934 518 1132 612 (direptiones)
1155 556 1192 572 -
1211 517 1442 610 &sumspisset

160 631 263 696 Etiam
287 633 317 695 in
342 637 532 698 antecedente
554 655 641 697 versu
664 632 696 695 τὸ
720 627 839 715 ἀπορεῖν
862 635 940 715 legit.
1484 624 1496 645 ’

272 744 355 806 1363
372 744 455 806 1)·36
479 737 566 821 (203,
590 737 622 821 5)
645 761 712 805 esse
735 743 873 807 factivum
897 742 1018 805 maioris
1036 740 1125 800 --τὸ
1148 739 1279 822 μείζονος
1301 746 1442 822 ποιητικῷ

156 835 241 911 εἶναι.
267 846 318 910 ille
341 849 485 914 deterius:
509 847 666 933 ποιητικόν.
689 850 721 912 ln
744 870 831 912 versu
855 853 897 914 34
914 843 962 931 (4)
987 847 1111 914 invenit:
1136 842 1251 931 ἀνάγκη
1273 846 1330 928 γὰρ
1352 837 1442 928 ὓπερ-

156 950 241 1034 έχτιν
264 951 317 1013 καὶ
339 953 473 1035 μείζονι
494 960 545 1015 τοῦ
568 946 713 1036 μείζονος
737 956 801 1019 vide
824 977 915 1035 supra
938 976 1005 1036 pag.
1024 962 1053 1022 5.

271 1065 357 1127 1364
380 1083 398 1124 a
423 1068 439 1127 1
467 1055 555 1141 (206,
573 1059 606 1143 8)
631 1070 699 1141 post
722 1082 761 1124 se
784 1082 834 1124 orn
855 1067 906 1123 τοῦ
929 1061 971 1146 μὴ
993 1059 1069 1123 καθ’
1086 1053 1168 1128 αὑτό.

271 1173 356 1234 1364
380 1191 398 1232 a
423 1173 464 1233 14
488 1170 575 1244 (203,
592 1169 646 1242 21)
671 1176 770 1232 sutem
789 1201 825 1213 -
844 1164 891 1252 δή.
927 1171 1096 1234 Lectionenr
1120 1170 1289 1252 interpretis
1314 1167 1444 1247 Spengel

156 1276 269 1352 probat
293 1282 382 1354 atque
404 1276 549 1356 exemplis
573 1277 671 1338 firmat
694 1276 821 1352 11,117.
846 1279 887 1353 (Μ
903 1299 934 1340 nr
949 1299 998 1340 om
1021 1278 1144 1351 autem.)

272 1387 357 1447 1364
381 1404 399 1445 a
425 1388 464 1447 15
489 1383 575 1457 (303,
594 1385 648 1456 22)
672 1403 720 1444 om
744 1404 862 1445 versum
888 1393 1008 1464 propter
1031 1386 1166 1447 similiter
1189 1387 1308 1449 cadens.

271 1494 357 1554 1364
373 1511 391 1552 a
409 1495 450 1554 16
466 1490 553 1564 (203,
570 1491 623 1562 23)
640 1496 686 1551 est
700 1490 791 1551 videri
814 1492 910 1553 maius
932 1524 966 1535 -
985 1490 1082 1573 petits
1102 1484 1168 1553 ἐστι.
1193 1492 1340 1569 interpres
1355 1490 1444 1568 igitur

157 1597 292 1675 optime:
317 1593 414 1675 μεῖζον
436 1591 496 1655 ἔστι
518 1592 674 1678 φαίνεσθαι
696 1603 729 1657 ut
751 1615 846 1675 marg.
863 1599 910 1659 A‘.

274 1704 359 1766 1364
383 1723 401 1763 a
425 1707 464 1766 17
490 1703 577 1777 (203,
596 1701 650 1777 24)
674 1704 771 1765 maius
796 1736 836 1747 -
861 1703 959 1785 μεῖζον
981 1696 1061 1765 εἶναι,

271 1809 539 1884 1364417(203,
554 1809 608 1882 25)
625 1830 656 1870 m
669 1809 804 1872 similiter
819 1832 854 1873 ac
865 1814 910 1873 M:
928 1819 957 1874 et
969 1814 994 1873 si
1010 1813 1068 1874 hoe
1081 1810 1258 1891 principium
1274 1806 1443 1883 maioris,

156 1915 243 1976 aliud
268 1923 368 1976 autem
390 1934 463 1975 non
487 1914 665 1993 principium
690 1946 730 1959 ·-·
754 1915 806 1975 καὶ
828 1909 853 1975 εἷ
876 1916 919 2000 μὴ
941 1912 1034 2000 ἀρχή,
1057 1917 1090 1977 τὸ
1113 1913 1146 1975 δὲ
1169 1910 1261 1998 ἀρχή.

273 2026 359 2086 1364
383 2042 401 2083 a
425 2027 466 2086 20
490 2023 577 2097 (204,
597 2017 629 2104 1)
654 2023 763 2099 egisset
788 2056 827 2067 -
852 2017 887 2083 ἂν
910 2022 1095 2107 πραχθῆναι.

272 2133 357 2192 1364
381 2150 399 2189 a
423 2134 463 2192 22
489 2130 577 2204 (νοτ,
595 2127 629 2201 s)
652 2149 748 2208 neque
771 2124 826 2211 (=
850 2122 932 2213 otte)
955 2131 1034 2193 enim
1061 2161 1098 2173 -
1125 2120 1159 2188 ot
1181 2129 1248 2208 γάρ.

270 2239 356 2299 1364
380 2256 398 2297 a
422 2242 463 2300 29
488 2237 576 2310 (204,
596 2236 649 2309 10)
673 2237 759 2299 facile
784 2269 820 2280 -
847 2229 926 2318 ῥᾷον.

270 2346 356 2405 1364
379 2363 397 2404 a
421 2348 461 2406 32
487 2344 573 2418 (204,
601 2344 653 2418 12)
677 2343 975 2409 malitia...1neius
1000 2374 1038 2386 ·-
1063 2339 1217 2400 sarriet
1233 2332 1346 2422 μείζων.
1383 2330 1386 2337 ’

271 2453 356 2513 1364
380 2451 398 2509 b
423 2455 441 2514 2
466 2451 553 2525 (204,
572 2451 626 2524 20)
651 2452 745 2529 magis
769 2453 927 2530 pulchrum
952 2483 991 2492 -
1016 2443 1133 2530 μᾶλλον
1155 2443 1279 2507 κάλλιον
1300 2449 1420 2516 rectius.

273 2559 358 2620 1364
382 2558 401 2617 b
426 2562 444 2619 3
470 2558 557 2633 (204,
576 2560 631 2633 21)
655 2560 744 2621 etiarn
769 2591 809 2601 —
834 2554 875 2620 δέ.

272 2667 358 2726 1364
382 2665 401 2723 1)
426 2669 444 2725 6
469 2665 557 2739 (204,
575 2667 629 2739 24)
653 2686 702 2726 om
726 2660 759 2724 δὲ
780 2658 800 2747 ἢ
825 2673 893 2745 post
916 2660 1091 2728 καλλιόνων.

270 2772 391 2833 13641)
408 2777 426 2834 9
445 2772 531 2846 (204,
550 2771 605 2845 26)
621 2772 650 2833 Μ
666 2772 690 2832 V
706 2793 752 2836 m:
778 2773 821 2833 sic
842 2772 921 2833 enirn
936 2791 969 2833 se
984 2772 1073 2833 habet
1092 2771 1215 2833 scientia
1238 2771 1295 2847 (τοι
1320 2774 1444 2837 scientia

160 2893 195 2936 se
218 2874 319 2947 habet)
342 2884 372 2937 et
394 2879 502 2940 veritas
528 2880 604 2941 sicut
626 2898 675 2941 res
693 2910 732 2922 -
750 2871 792 2946 ὡς
814 2878 871 2957 γὰρ
893 2871 958 2959 ἔχει
980 2871 1000 2961 ἡ
1023 2872 1177 2963 ἐπιστήμη,
1200 2876 1252 2938 καὶ
1266 2876 1299 2938 τὸ
1318 2872 1443 2962 ἀληθές.

160 2982 240 3042 Intra
262 2982 333 3060 legit
356 3004 416 3044 non
439 2983 471 3044 τὸ
494 2976 594 3068 αὐτῆς,
618 2988 670 3047 sed
692 2984 729 3044 τὰ
752 2975 846 3069 αὐτῆς
870 2986 958 3064 (quae
980 2986 1099 3065 ipsius).

271 3093 356 3153 1364
379 3091 398 3152 b
424 3094 461 3156 12
488 3091 575 3168 (205,
594 3094 626 3165 3)
649 3113 698 3154 orn
721 3084 741 3175 ἢ
765 3091 873 3160 πάντες
896 3100 963 3171 post
985 3091 1125 3174 φρόνιμον.

269 3197 396 3259 13641)
422 3202 461 3261 15
486 3199 572 3272 (205,
591 3197 623 3271 6)
648 3200 735 3278 quale
759 3208 790 3260 et
814 3210 956 3280 quantum
982 3230 1021 3242 -
1045 3197 1136 3258 ποσὸν
1157 3196 1323 3262 resistenti.

269 3304 354 3365 1364
377 3304 396 3363 b
421 3307 459 3368 17
484 3304 571 3378 (205,
589 3306 621 3378 8)
644 3307 759 3368 bonum
786 3340 823 3351 -
850 3301 967 3382 ἀγαθὸν
990 3299 1061 3365 εἶναι
1084 3308 1144 3382 (rnz
1169 3314 1198 3370 et
1221 3308 1354 3381 bonum).

270 3410 389 3472 13641)
410 3414 453 3473 24
476 3411 563 3486 (205,
591 3412 644 3485 15)
668 3413 697 3472 Μ
713 3432 760 3472 m:
787 3414 881 3489 gratia
904 3413 998 3490 ipsius
1021 3406 1161 3475 delectari
1185 3421 1328 3493 appetunt
1349 3416 1442 3477 delec-

159 3514 213 3575 tari
240 3545 277 3557 -
304 3505 392 3574 αὐτοῦ
415 3509 502 3576 ἕνεκα
525 3523 576 3578 τοῦ
598 3511 727 3599 ἥδεσθαι
749 3509 898 3597 ὀρέγονται
921 3521 999 3593 (add.
1017 3541 1111 3598 marg,
1128 3513 1278 3602 ἥδεσθαι).

266 3625 393 3687 13641)
417 3628 458 3687 25
483 3624 571 3698 (205,
597 3625 753 3697 15)enin1
779 3658 818 3667 —
844 3620 885 3687 δέ.

267 3735 352 3794 1364
376 3731 395 3790 b
418 3734 457 3794 31
484 3731 571 3804 (205,
590 3732 644 3803 21)
669 3732 767 3793 minus
792 3734 885 3795 firmis
906 3766 942 3777 -
960 3740 1016 3793 τῶν
1039 3734 1082 3817 μὴ
1106 3736 1157 3809 (Αο
1173 3754 1222 3796 om
1245 3734 1300 3816 μή)
1324 3730 1441 3813 βεβαιο-

157 3834 255 3913 τέραν.
280 3837 427 3915 interpres
451 3837 521 3913 legit
544 3837 622 3897 idem
646 3840 724 3915 quod
748 3860 806 3900 rec.
831 3841 861 3901 in
877 3842 928 3902 A⁰z
953 3847 1008 3900 τῶν
1031 3835 1251 3922 ἀβεβατοτέρων.

266 3947 351 4007 1364
375 3944 395 4002 b
418 3947 460 4006 36
485 3944 573 4017 (205,
591 3943 647 4016 26)
671 3963 720 4004 orn
745 3954 812 4023 post
834 3948 1107 4025 temperantia:
1133 3940 1318 4030 αἱρετώτερα.

267 4053 388 4115 13641)
406 4055 447 4115 33
465 4052 552 4124 (205,
570 4052 625 4124 27)
649 4072 741 4129 quam
762 4052 791 4112 id
812 4057 890 4132 quod
911 4076 969 4116 non
995 4076 1098 4119 omnes
1118 4088 1154 4100 -
1173 4061 1223 4116 τοῦ
1239 4055 1281 4140 μὴ
1297 4050 1313 4116 ὂ
1328 4057 1441 4127 πάντες.

158 4155 315 4232 Egregiam
343 4158 511 4238 interpretis
538 4158 695 4219 lectionem
727 4159 860 4221 invenias
888 4163 978 4224 etiarn
1001 4166 1079 4242 apud
1104 4165 1197 4229 schol.
1244 4166 1275 4226 tn
1300 4175 1441 4244 sequente

157 4281 243 4322 versu
267 4264 343 4324 bene
367 4265 500 4326 exhibet:
525 4285 615 4344 quarn
638 4267 736 4344 quod
760 4268 925 4345 pauciores.

268 4374 352 4435 1365
377 4391 396 4431 a
420 4377 438 4435 2
463 4373 551 4446 (206,
570 4374 602 4445 2)
625 4380 652 4434 et
677 4375 758 4452 quod
778 4374 929 4451 litigantes
953 4377 1133 4453 potentiores
1157 4377 1267 4439 inimici
1284 4380 1329 4439 vel
1352 4380 1392 4449 (Μ
1409 4401 1439 4441 m

157 4495 207 4541 orn
230 4478 300 4553 rel)
325 4498 414 4559 quarn
439 4499 513 4563 quos
537 4479 584 4541 isti
609 4480 742 4550 iudicant
763 4479 867 4543 -καὶ
888 4476 905 4542 6
928 4472 956 4545 οἱ
978 4476 1225 4573 ἀμφισβητοῦντες
1244 4478 1263 4575 ἢ
1285 4476 1312 4543 οἱ
1331 4477 1440 4574 ἐχθροὶ
