3442 5246
694 325 909 394 ..51-

271 534 354 594 1357
379 551 397 591 a
422 533 462 593 10
486 525 573 610 (185,
591 523 646 608 26)
669 522 786 611 ἀνάγκη
809 525 841 589 δέ
866 561 905 573 -
931 551 1053 593 necesse
1076 538 1176 592 aulem
1199 525 1305 604 habet;
1329 528 1445 592 habet

162 636 320 697 delendum
343 657 410 697 esse
433 638 555 698 videtur.
579 637 691 697 Deinde
713 637 856 713 legimus:
881 639 953 698 haee
969 689 975 703 .
990 685 997 700 .
1012 684 1019 700 .
1037 639 1112 698 bene
1135 636 1326 716 assequibilia
1348 629 1444 710 (ut'C)

164 773 204 784 -
221 739 254 800 τὸ
271 790 298 806 ..
314 790 320 803 .
337 733 622 826 εόεπακολοὺθητον.
639 743 715 804 Cum
728 753 832 822 postea
844 746 994 821 legamus:
1011 742 1048 803 τὰ
1059 737 1092 801 δὲ
1107 741 1150 825 μὴ
1165 740 1287 814 πιθανά,
1300 744 1445 804 incertum

162 856 209 910 est
233 870 270 910 an
294 849 439 928 interpres
464 852 546 911 solus
570 870 670 911 veram
693 851 850 910 lectionem
874 851 1043 914 servaverit.

272 960 356 1043 1357
373 977 391 1017 a
409 961 448 1019 12
466 953 556 1036 (185,
575 952 629 1036 29)
655 966 810 1034 propterea
834 958 912 1035 quod
933 976 1028 1035 neque
1049 977 1086 1017 ex
1107 959 1253 1019 confessis
1277 959 1336 1020 sint
1351 977 1446 1036 neque

162 1084 198 1123 ex
223 1062 422 1141 opinabilibus
448 1094 486 1107 -
511 1058 559 1123 διὰ
581 1062 614 1122 τὸ
637 1061 680 1145 μὴ
703 1056 733 1129 ἐξ
757 1054 999 1144 ὁμολογουμένων
1029 1054 1099 1122 εἶναι
1128 1058 1197 1146 μηδ’
1227 1056 1357 1133 ἐνδόξων.
1404 1064 1447 1125 ln·

165 1169 258 1230 venit:
283 1167 351 1251 μήτ’
377 1201 417 1212 -
442 1169 521 1251 μήτ’.

189 1350 192 1355 ,
270 1279 354 1341 1357
372 1298 390 1337 a
407 1281 446 1340 18
463 1285 492 1338 et
508 1280 547 1341 21
574 1270 663 1355 (186,
681 1281 701 1338 4
717 1284 746 1336 et
763 1271 796 1356 7)
820 1277 892 1337 nihil
911 1309 948 1320 -
967 1268 1048 1348 otte
1071 1268 1153 1341 atreo
1176 1279 1304 1340 fortasse
1326 1278 1446 1340 rectius.

273 1386 356 1447 1357
375 1403 394 1444 a
409 1387 450 1446 22
468 1376 556 1462 (186,
575 1378 608 1464 8)
624 1384 794 1444 necessaria
808 1416 847 1425 —
864 1389 921 1442 τῶν
936 1377 1118 1460 &renuntiem
1140 1383 1177 1444 τὰ
1195 1378 1344 1461 ἀναγκαῖοι
1360 1386 1448 1462 igitur

162 1490 283 1564 invenit,
293 1510 369 1568 quae
379 1489 465 1549 lectio
478 1489 550 1550 mihi
562 1488 678 1565 gravior
689 1489 889 1571 esseridetur;
904 1491 989 1552 nobis
1002 1490 1091 1551 eliam
1102 1492 1132 1550 in
1143 1490 1188 1555 ed.
1197 1491 1299 1555 Venet.
1308 1493 1448 1557 occurrit.

276 1600 358 1660 1357
377 1616 394 1657 a
411 1602 452 1659 26
476 1591 566 1675 (185,
586 1590 640 1677 12)
663 1614 850 1673 consequens
873 1605 918 1657 est
938 1590 1065 1664 -ἔπος
1089 1592 1128 1675 (Q
1144 1616 1194 1657 om
1208 1591 1301 1678 ἔπος).
1326 1599 1448 1674 Legitne

163 1696 329 1785 ἑπομενονῖ

274 1814 357 1875 1357
382 1810 402 1870 b
427 1813 468 1873 10
492 1801 581 1890 (185,
608 1804 663 1897 31)
694 1810 791 1871 adhuc
813 1817 913 1872 autern
937 1842 977 1854 —
1002 1803 1062 1869 ἔστι
1085 1805 1125 1869 δέ.
1156 1811 1268 1874 Invenit
1291 1812 1379 1890 igitur
1402 1812 1449 1872 de

162 1924 321 1996 praeatum
344 1909 385 1974 ἔτι
407 1911 447 1974 δέ.

250 2028 359 2088 ’1357
384 2026 404 2084 b
428 2028 468 2087 13
493 2016 583 2102 (187,
609 2019 642 2104 2)
671 2024 845 2084 solvendum
868 2034 913 2084 est
935 2032 1035 2085 autem
1059 2026 1136 2103 quod
1169 2024 1280 2086 dictum
1304 2031 1401 2085 estet
1424 2021 1450 2084 si

163 2151 269 2192 verum
292 2132 330 2191 sit
352 2124 395 2211 (111
410 2151 441 2191 m
465 2132 548 2210 prius
571 2138 633 2190 est
655 2126 718 2208 om)
738 2163 776 2172 —
800 2125 886 2188 λοτὸν
909 2125 950 2201 δέ,
972 2122 1029 2189 κᾶν
1052 2123 1171 2212 ἀληθὲς
1190 2123 1212 2209 ᾖ
1234 2129 1267 2189 τὸ
1290 2121 1448 2214 εἰρημένον,

275 2241 358 2302 1857
384 2239 404 2297 b
428 2242 469 2301 20
493 2232 582 2317 (187,
608 2230 642 2317 9)
666 2236 746 2296 enim
771 2267 809 2281 -
835 2231 882 2306 δὲ;
906 2245 936 2297 at
960 2238 983 2298 C
1007 2238 1125 2298 exhibet
1147 2236 1212 2316 γάρ.

276 2349 360 2409 1357
384 2346 404 2405 l>
429 2349 467 2409 21
494 2336 656 2424 (187,11)
680 2350 709 2403 et
733 2343 803 2421 quid
826 2344 1000 2404 tecmerium
1029 2375 1062 2384 -
1089 2342 1141 2400 καὶ
1162 2343 1327 2425 τεκμήριον.

276 2456 359 2515 1357
384 2452 404 2511 b
428 2456 469 2514 23
494 2450 582 2528 (187,
602 2446 655 2531 12)
681 2471 782 2528 prave:
807 2451 998 2511 manifestum
1023 2483 1062 2494 -—
1088 2457 1230 2534 φανερῶς.

276 2561 360 2621 1357
385 2560 404 2618 b
428 2562 469 2621 26
493 2551 581 2637 (187,
597 2551 651 2638 15)
676 2558 772 2635 qualis
795 2558 927 2619 inductio
945 2589 982 2600 —
1000 2553 1065 2638 περὶ
1087 2560 1158 2616 ποῖα
1179 2549 1327 2639 ἐπαγωγή.
1351 2557 1450 2618 Lectio

167 2663 337 2743 interpretis
353 2659 436 2746 (ποία
451 2655 605 2744 ἐπαγωγή)
622 2666 700 2725 mala
716 2671 762 2725 est
768 2689 775 2739 ;
799 2672 829 2725 at
845 2664 961 2741 egregia
976 2685 1020 2739 ea,
1038 2685 1129 2744 quam
1144 2666 1290 2743 interpres
1309 2672 1451 2742 sequente

167 2772 235 2833 loco
260 2790 328 2832 cum
351 2771 453 2831 codice
476 2770 499 2829 Ε
523 2771 657 2848 praebet:
691 2775 730 2835 81
756 2764 827 2850 (19)
850 2771 1007 2833 insidiatur
1031 2803 1070 2816 ·—
1096 2763 1281 2849 ἐπεβοὺλεοε;
1308 2791 1380 2832 nam
1402 2771 1451 2831 hic

168 2885 288 2956 tempus
313 2898 454 2956 praesens
477 2878 680 2938 necessarium
695 2886 750 2952 est,
775 2886 808 2938 ut
821 2878 954 2939 videmus
976 2899 1012 2940 ex
1028 2878 1173 2957 proximis
1189 2878 1285 2940 verbis
1300 2875 1451 2954 γίγνονται,

165 2977 255 3043 ἴσοισι
277 2984 385 3045 Confer
397 2985 486 3046 etiam
498 2983 619 3057 Quintil.
631 2983 664 3058 V,
680 2988 718 3048 11
734 2992 762 3046 et
774 2993 887 3046 ceteros
899 2986 991 3059 locos,
1009 3005 1084 3063 quos
1097 2986 1226 3064 Spengel
1236 2986 1269 3062 ll,
1285 2990 1325 3050 69
1337 2986 1449 3051 laudat.

276 3095 361 3156 1358
386 3112 405 3152 a
429 3095 469 3154 13
494 3087 581 3172 (188,
608 3085 640 3171 8)
664 3111 714 3152 oin
736 3088 804 3170 περὶ
826 3100 895 3153 ante
917 3087 1071 3151 πολιτικῶν
1095 3100 1127 3152 ut
1149 3090 1216 3165 Υ.*)

278 3201 362 3262 1358
379 3220 398 3259 a
414 3202 453 3262 17
479 3190 567 3276 (188,
587 3192 640 3273 13)
663 3206 714 3259 aut
737 3218 830 3276 genus
847 3230 884 3241 -
898 3195 951 3256 καὶ
972 3196 1065 3273 γένος.
1100 3199 1281 3261 Monendum
1303 3207 1349 3260 est
1372 3199 1450 3260 iusto

168 3306 266 3382 magis
289 3314 325 3366 et
348 3313 377 3366 et
400 3313 462 3366 aut
485 3305 515 3365 in
538 3305 585 3364 his
608 3304 692 3366 libris
720 3305 871 3367 confundi.
1032 3284 1037 3289 ’

278 3414 362 3475 1358
387 3432 405 3473 a
429 3416 467 3475 21
495 3406 583 3491 (188,
602 3408 656 3492 17)
679 3412 703 3472 Ε
725 3413 754 3472 Μ
778 3433 824 3473 m:
849 3412 960 3472 iaciunt
985 3443 1024 3454 -
1049 3412 1170 3495 northon

278 3521 362 3581 1358
380 3539 399 3579 a
415 3523 455 3582 23
474 3512 563 3597 (188,
578 3514 632 3599 19)
650 3520 755 3579 melius
775 3549 811 3561 —
831 3513 934 3596 βελτίω
949 3518 1004 3578 ΥΖ
1020 3519 1059 3578 Αὓ
1073 3519 1198 3594 rectius;
1214 3513 1325 3597 βέλτιον
1333 3521 1405 3581 cod.
1416 3519 1449 3585 E.

279 3628 363 3687 1358
395 3646 414 3685 a
444 3630 485 3688 32
516 3625 609 3700 (188,
634 3620 689 3705 28)
724 3625 855 3705 primum
884 3624 1003 3703 quidem
1033 3624 1123 3703 igitur
1151 3657 1195 3668 —
1224 3625 1362 3705 πρότερον
1390 3618 1449 3685 οὖν.

170 3730 353 3793 scholiastes
376 3731 427 3796 Gr.
452 3731 522 3808 legit
544 3736 658 3811 πρῶτον
680 3731 733 3812 μὲν
755 3724 819 3803 obn
842 3739 917 3794 teste
940 3732 1062 3794 Buhleo.

735 3838 831 3916 Caput
855 3844 885 3903 3.

279 3949 363 4011 1358
388 3964 406 4008 a
430 3950 471 4009 36
495 3937 635 4026 (189,1)
659 3944 759 4023 itaque
782 3938 846 4027 (δή)
871 3976 910 3986 -
936 3938 978 4006 δέ.

279 4057 363 4118 1358
387 4055 406 4115 b
430 4056 449 4114 6
474 4046 562 4133 (189,
590 4045 622 4131 7)
650 4051 729 4112 velut
753 4059 902 4129 spectator
928 4083 965 4096 -
992 4039 1161 4134 Metopon
1188 4053 1258 4132 legit
1281 4053 1369 4131 igitur
1390 4042 1451 4112 οἷον

170 4149 188 4218 ὁ
211 4169 243 4221 ut
265 4168 362 4226 antea.
391 4162 502 4222 Deinde
524 4161 670 4239 interpres
687 4161 775 4221 verba
798 4158 856 4220 alio
879 4159 982 4222 ordine
1004 4168 1093 4240 atque
1109 4160 1213 4223 Graeci
1237 4161 1370 4223 exhibet:
1395 4160 1452 4222 tria

170 4267 273 4347 utique
295 4276 379 4329 erunt
403 4287 525 4345 genera:
554 4259 590 4325 ἂν
613 4259 658 4350 εἴη
681 4264 746 4347 rpta
767 4254 848 4349 γένηῖ

279 4404 304 4475 *l
316 4403 479 4475 Corrigenda
493 4411 533 4461 est
545 4405 670 4477 Spengcll
683 4405 788 4461 adnot:
807 4406 854 4476 qui
874 4404 1044 4476 communes]
1064 4400 1089 4460 οἳ
1106 4403 1183 4459 κοινοὶ
1193 4420 1255 4461 cum
1269 4405 1316 4471 n·;
1340 4421 1405 4461 nam
1418 4405 1451 4461 A·

172 4494 283 4551 exbibet
295 4491 319 4548 ot
330 4493 414 4551 κοινοί,
433 4495 485 4551 Sed
498 4497 655 4568 saepissime
668 4495 797 4551 articulus
810 4494 972 4567 pronomine
984 4495 1061 4552 relat.
1074 4495 1109 4550 nb
1122 4495 1270 4567 interprete
1282 4494 1452 4566 exprimitur.

1204 4585 1238 4639 ⁴⁸
