3442 5246
850 254 1125 392 —or·-⁸

425 526 511 585 1369
536 543 554 583 a
577 520 619 585 23
644 522 809 598 (217,15)
840 524 919 586 circa
948 527 1201 590 delectabilia...
1220 526 1299 588 circa
1330 526 1431 588 eadem
1458 528 1532 588 haec
1556 557 1594 569 -
1702 596 1703 603 ¹

317 625 382 707 περὶ
404 634 460 687 τῶν
482 621 576 711 ἡδέων
593 626 721 709 ...περὶ
741 636 797 689 τῶν
820 623 914 690 αὐτῶν
930 631 1046 696 τοὺτων.
1092 633 1171 694 Bene
1187 634 1276 710 igitur
1292 635 1451 711 interpres:
1475 632 1541 714 περὶ
1562 631 1597 691 τὰ

317 727 392 817 ἡδέα
403 777 411 793 .
423 777 450 793 ..
466 733 531 815 περὶ
553 725 627 793 αὐτὰ
649 739 749 801 ταῦτα,
1703 784 1704 789 ,

425 846 511 905 1369
536 863 554 902 a
578 848 618 907 29
644 843 731 916 (217,
749 844 802 917 22)
827 846 977 906 abundare
993 853 1101 924 putans
1119 868 1151 907 se
1174 847 1274 926 ipsum
1294 880 1330 892 -
1348 843 1481 906 πλουτεῖν
1504 841 1599 905 δονων
1704 872 1705 915 t

316 939 421 1026 ἑαυτῷ.
445 949 496 1009 Ille
518 949 659 1010 fortasse:
684 940 816 1029 εὐπορεῖν
839 945 934 1010 δοκῶν
957 944 1069 1010 ἑαυτόν.
1104 953 1226 1026 (Confer
1243 958 1324 1018 1361
1343 977 1362 1016 a
1378 961 1418 1019 23
1444 955 1598 1031 (196,10)
1704 930 1705 937 ¹

318 1050 454 1112 πλουτεῖν
477 1075 518 1109 ·--
542 1056 662 1117 divitem
685 1056 774 1127 esse).

427 1166 512 1225 1369
537 1183 555 1222 a
579 1167 619 1225 33
644 1163 733 1237 (217,
752 1163 806 1236 26)
831 1164 920 1225 huius
944 1163 1120 1241 (Qrouoo)
1151 1199 1184 1209 —
1209 1184 1268 1226 τοο.

426 1271 510 1332 1369
534 1270 553 1330 b
579 1272 618 1331 15
644 1268 808 1343 (218,11)
833 1291 869 1331 ex
893 1271 940 1331 his
958 1263 1013 1345 (ἐν
1035 1273 1104 1346 τῶν)
1130 1305 1170 1316 -
1194 1264 1314 1340 ἐντοῖς.

427 1380 511 1440 1369
535 1377 556 1437 b
580 1381 621 1439 26
645 1376 732 1451 (218,
751 1376 805 1449 24)
829 1397 879 1437 orn
902 1370 922 1458 ἢ
946 1379 1124 1461 φαινομένων
1146 1373 1174 1461 ἤ.

336 1562 339 1571 ,
871 1501 968 1578 Caput
993 1507 1043 1566 11.

429 1598 1600 1690 1370a4(219,9)mitti-ituanLegitautis'rur,utMoreliusvull,auti'sobou.

428 1719 513 1779 1370
538 1735 556 1775 a
581 1721 598 1777 5
624 1713 785 1788 (219,1o)
809 1722 861 1775 aut
885 1717 1047 1776 secundum
1071 1719 1299 1780 consuetudines
1329 1751 1359 1762 —
1389 1717 1442 1777 καὶ
1471 1718 1508 1778 τὰ
1531 1714 1599 1802 ἕδη,

318 1824 415 1900 Legit:
440 1814 460 1902 ἢ
484 1819 561 1880 κατὰ
584 1814 653 1901 ἔθη.
692 1820 764 1881 Cod.
788 1821 812 1880 B
837 1823 968 1882 secunda
991 1843 1094 1884 manu:
1118 1815 1139 1904 ἢ
1162 1821 1215 1883 καὶ
1237 1824 1273 1883 τὰ
1295 1820 1364 1906 ἔθη.

427 1931 512 1994 raro
537 1949 555 1987 a
580 1932 616 1991 11
645 1928 733 2007 (219,
752 1922 806 2007 17)
831 1929 904 1989 uun
927 1922 1011 2011 (ἔφη)
1038 1962 1074 1974 -
1100 1924 1164 2012 ἔφυ.

428 2039 514 2099 1370
538 2055 556 2094 a
582 2039 623 2098 25
648 2027 739 2113 (220,
757 2030 790 2115 8)
820 2055 1012 2114 quascunque
1036 2057 1072 2098 ex
1096 2057 1257 2115 persuasos
1280 2059 1346 2100 esse
1363 2069 1404 2080 —-
1421 2031 1477 2097 δοοι
1500 2030 1536 2097 ἐκ
1551 2042 1601 2097 τοῦ

319 2140 478 2225 πεισθῆναι
500 2134 698 2221 ἐπιθυμοῦσιν.

426 2255 513 2315 1370
537 2271 555 2310 a
579 2254 618 2313 31
644 2248 734 2328 (220,
754 2244 808 2330 14)
833 2250 928 2327 magis
952 2244 1095 2331 (μᾶλλον)
1120 2282 1160 2294 ·-
1177 2253 1230 2313 A⁰z
1255 2245 1329 2332 ἅμα,
1354 2252 1461 2326 QYZ:
1485 2249 1578 2332 μάλα.

427 2360 512 2422 1379
536 2358 555 2416 b
581 2362 598 2419 5
624 2350 711 2434 (220,
730 2353 786 2435 23)
811 2365 879 2436 post
902 2360 1055 2435 angustias
1079 2390 1119 2401 -
1145 2356 1218 2441 μετὰ
1244 2358 1300 2437 γάρ
1324 2376 1354 2417 τε
1377 2357 1430 2418 καὶ
1452 2353 1577 2435 ἄλγεσιν.

428 2465 549 2527 13701)
567 2466 585 2526 8
609 2457 697 2544 (220,
712 2458 767 2542 27)
791 2465 923 2541 prolicua
946 2465 1009 2525 fore
1032 2467 1161 2525 multum
1177 2466 1311 2526 videnlur
1331 2498 1373 2508 -
1386 2458 1509 2548 ὠφελεῖν
1533 2465 1601 2548 φαί-

318 2586 396 2629 νεται
418 2564 544 2649 μεγάλα.
569 2569 632 2630 llle:
657 2560 818 2650 ὠφελήσειν
841 2565 917 2627 πολὺ
941 2569 1091 2652 patuerat?

428 2677 556 2741 13701)
580 2680 599 2738 9
623 2670 712 2754 (220,
731 2669 785 2756 27)
809 2684 934 2754 prosunt
956 2669 1133 2761 (ὠφελεῖ)-
1158 2669 1289 2761 ὠφελεῖν.

428 2787 513 2846 1370
529 2784 548 2843 b
566 2785 604 2846 11
624 2777 712 2861 (221,
731 2778 764 2863 2)
781 2785 860 2862 quod
878 2834 884 2847 .
900 2831 906 2845 .
921 2832 928 2846 .
945 2786 1062 2846 dulcius
1082 2817 1117 2829 -
1137 2778 1170 2853 ὅς
1185 2803 1215 2843 τε
1231 2776 1429 2862 ...γλυκίων
1452 2787 1601 2848 invenisse

318 2892 445 2952 ridetur:
470 2882 486 2949 ὅ
509 2907 602 2948 τε...
618 2883 744 2965 alebatur.

428 3001 514 3062 1370
537 2999 556 3058 b
581 3003 622 3061 23
648 2990 735 3077 (221,
755 2992 809 3080 14)
833 3000 882 3058 sed
908 3007 936 3059 et
960 3018 1028 3058 cum
1052 2999 1094 3073 (Μ
1105 3020 1151 3060 m:
1176 3000 1227 3060 sed
1252 2992 1341 3061 etiarn
1364 3000 1445 3075 cum)
1469 3000 1601 3061 absentis

320 3106 465 3168 recordati
491 3137 528 3149 —
555 3096 636 3162 ἀλλὰ
658 3100 711 3162 καὶ
733 3096 858 3171 ἀπόντος
881 3105 1066 3186 μεμνημένοι.

429 3214 513 3276 1370
537 3213 556 3272 b
581 3217 623 3275 24
646 3206 733 3291 (221,
753 3207 808 3291 15)
832 3212 933 3289 utique
956 3220 985 3272 et
1008 3231 1076 3273 cum
1102 3245 1141 3254 -
1165 3210 1218 3272 καὶ
1240 3204 1320 3282 ὅταν,
1344 3215 1396 3274 sed
1412 3213 1451 3274 Αο
1466 3205 1544 3273 δτᾶν.

429 3319 556 3382 13701)
581 3322 621 3382 26
647 3311 809 3399 (221,17)
832 3319 949 3380 deuon
975 3321 1080 3380 adesse
1104 3351 1143 3362 -
1169 3311 1215 3377 ἐπὶ
1237 3326 1277 3399 τῷ
1301 3318 1344 3401 μὴ
1367 3311 1516 3402 ὑπάρχων.
1554 3322 1601 3383 Ad

320 3425 399 3487 hunc
428 3426 529 3487 locum
556 3426 677 3486 adnotat
699 3425 854 3486 Morelius:
896 3425 1065 3505 „Antiquus
1095 3426 1240 3505 interpres
1264 3428 1377 3487 videtur
1406 3427 1515 3504 legisse
1537 3426 1602 3508 περὶ

319 3535 370 3592 τοῦ
392 3530 435 3615 μὴ
458 3522 629 3613 troppau.
651 3532 734 3593 Haec
756 3532 857 3610 opinio
880 3553 941 3593 non
964 3533 1005 3593 ita
1030 3534 1190 3611 probabilis
1214 3541 1267 3594 est.
1299 3534 1380 3595 Licet
1402 3536 1481 3595 enirn
1504 3536 1603 3597 videre

320 3641 511 3719 interpretem
534 3659 623 3718 saepe
647 3641 776 3717 quidem,
802 3640 977 3717 praesertim
1001 3640 1030 3699 in
1053 3639 1130 3700 libro
1156 3640 1260 3718 primo,
1286 3641 1538 3720 praepositionem
1555 3634 1603 3700 ἐπὶ

321 3767 389 3808 cum
411 3747 479 3809 Dat.
503 3746 694 3808 coniunctum
718 3746 1010 3826 praepositionem,
1036 3747 1133 3807 rarius
1158 3767 1274 3826 super
1296 3749 1431 3822 reddere3
1460 3751 1512 3810 sed
1535 3749 1602 3810 aliis

320 3855 416 3933 iisque
438 3875 497 3916 non
522 3854 624 3933 paucis
648 3861 773 3931 usurpat
796 3853 886 3915 etiam
909 3854 966 3928 de,
992 3861 1024 3916 ut
1049 3858 1134 3919 1386
1150 3856 1170 3916 b
1186 3858 1228 3918 30
1246 3855 1333 3929 (261,
1353 3854 1407 3930 18)
1431 3856 1487 3933 bis,
1515 3860 1599 3921 1387

322 3980 340 4022 a
364 3958 392 4037 1,
418 3967 447 4037 2,
473 3964 502 4035 9,
530 3965 580 4036 10,
607 3967 658 4036 12,
684 3964 735 4035 18,
760 3961 848 4037 (261,
874 3966 925 4036 23,
952 3966 1002 4037 24,
1029 3965 1080 4035 80,
1107 3966 1159 4036 32,
1185 3968 1258 4036 262,
1285 3969 1303 4026 2
1327 3963 1397 4036 bis).

429 4071 514 4132 1370
530 4070 550 4128 b
567 4073 608 4133 26
629 4062 717 4148 (221,
736 4063 790 4148 17)
813 4086 849 4128 ex
865 4070 1057 4130 memorando
1073 4059 1122 4149 (ἐν
1136 4073 1186 4127 τοῦ
1202 4065 1247 4151 μ.)
1268 4101 1303 4111 -
1323 4060 1408 4147 ἐντῷ
1424 4064 1605 4153 μεμνῆσθαι.

430 4178 515 4238 1370
530 4175 550 4235 b
567 4179 606 4239 27
624 4167 713 4253 (221,
731 4168 787 4257 18)
804 4181 833 4235 et
851 4174 981 4253 qualia
1003 4175 1061 4252 egit
1076 4182 1105 4235 et
1121 4177 1217 4253 qualis
1233 4182 1297 4236 erat
1313 4205 1352 4218 —
1368 4174 1423 4234 καὶ
1436 4173 1457 4236 ἃ
1471 4170 1604 4257 ἔπραττε,

320 4276 373 4340 καὶ
394 4272 456 4350 οἶος
477 4274 522 4363 ἦν.

430 4391 559 4454 13701)
583 4391 622 4453 31
650 4381 738 4469 (221,
756 4383 812 4470 21)
836 4388 915 4451 enim
939 4419 979 4435 »-
1003 4381 1046 4451 δὲ.

431 4499 514 4560 1371
540 4517 558 4557 a
582 4501 624 4561 24
648 4489 736 4578 (222,
755 4491 810 4578 23)
833 4496 907 4559 haec
932 4525 970 4539 -
997 4487 1051 4558 ταδ
1068 4495 1096 4558 ά.
