3442 5246
834 369 1050 434 ..30-

302 570 317 629 J
325 568 487 630 ourdain
517 568 546 628 in
577 568 739 646 praestanti
770 588 825 628 sua
853 567 1060 628 dissertatione
1087 568 1156 628 facit
1179 562 1401 648 ment.ionem.*)
1447 569 1586 647 Namque
1699 634 1700 667 ,

303 677 378 754 ipsis
403 675 505 752 paucis
529 672 672 746 versibus,
698 693 773 749 quos
797 674 936 733 Jourdain
960 693 996 733 ex
1020 674 1121 734 codice
1144 674 1340 735 bibliothecae
1364 675 1585 737 Sorbonnensis

304 787 388 847 1773
398 777 445 861 **)
459 780 625 856 exscripsit,
637 779 773 857 Spengeli
791 787 888 839 textus
900 780 993 840 tribus
1006 781 1080 839 locis
1094 781 1199 857 corrigi
1212 787 1318 858 potest.
1330 776 1476 857 ‚Legimu's
1489 783 1583 844 enim:

411 891 496 951 1354
513 908 530 946 a
548 889 585 949 11
605 879 762 965 (17811)
786 879 844 965 ἤδη
866 885 972 955 πάντες
985 917 1023 927 --
1036 906 1156 960 onmes;
1181 894 1211 947 at
1226 887 1257 947 in
1272 886 1424 952 Parisino:
1451 909 1583 950 omnes
1699 900 1700 937 l

304 994 454 1059 ...iam
477 996 524 1072 (ut
545 992 576 1053 in
599 990 622 1050 Ε
646 986 700 1071 m).

410 1102 496 1162 1354
519 1119 537 1158 a
561 1102 601 1159 23
630 1091 717 1177 (179,
743 1091 777 1175 3)
806 1094 947 1175 καθάπερ
970 1088 1022 1155 καί
1046 1129 1083 1139 -
1111 1098 1153 1158 sic
1184 1097 1287 1172 etiam3
1318 1108 1348 1160 at
1375 1101 1406 1161 in
1429 1100 1582 1167 Parisino:

304 1196 716 1282 mmmfflmMm
1296 1200 1307 1226 ⁰

410 1314 495 1374 1354
519 1331 537 1370 a
561 1313 602 1372 26
626 1302 712 1388 (179,
733 1302 765 1389 6)
789 1303 890 1388 μέλλει
907 1342 942 1351 -
964 1319 1095 1388 oportet:
1120 1318 1150 1371 at
1173 1312 1202 1371 in
1222 1313 1375 1376 Parisino:
1399 1315 1516 1389 debet,
1542 1317 1584 1377 id·

303 1439 361 1497 que
383 1425 478 1491 recte;
502 1437 573 1477 nam
595 1416 741 1493 interpres
757 1416 879 1475 verbum
902 1418 1039 1477 debere
1061 1438 1206 1495 usurpare
1222 1421 1306 1494 solet,
1332 1439 1399 1480 cum
1422 1422 1453 1481 in
1469 1423 1582 1484 Graeco
1699 1410 1700 1421 ¹

304 1526 440 1603 exemplo
463 1523 573 1584 invenit
595 1517 721 1602 μέλλειν,
745 1510 925 1599 oportere
947 1526 1107 1601 respondet
1129 1526 1217 1584 verbo
1242 1520 1309 1589 δεῖν,
1358 1521 1405 1605 (ln
1428 1530 1528 1589 codice
1551 1551 1583 1590 m

302 1631 467 1693 invenimus
490 1650 551 1691 non
574 1649 646 1707 qua
666 1636 835 1707 oportet,
861 1628 913 1690 sed
933 1631 1024 1707 quia
1046 1640 1214 1708 oportet,
1240 1633 1346 1710 quibus
1362 1634 1456 1694 verbis
1480 1655 1581 1712 super·

306 1738 450 1816 scriptum
474 1743 532 1799 est:
557 1737 614 1795 vel
640 1755 722 1795 eum
745 1735 849 1808 vult.)

410 1844 474 1904 Hos
498 1841 614 1902 codices
638 1841 778 1918 quoniam
802 1842 929 1919 Spengel
955 1862 1016 1903 non
1040 1846 1172 1919 contulit,
1200 1865 1301 1906 meum
1323 1845 1423 1923 utique
1446 1844 1578 1904 officium

302 1958 364 2013 erat
393 1969 444 2010 eos
474 1949 637 2009 consulere.
683 1949 727 2008 Ac
757 1950 889 2026 proiecto
917 1950 1042 2012 libenter
1070 1951 1098 2011 id
1129 1952 1361 2030 praestitissem,
1393 1951 1419 2011 si
1449 1951 1580 2010 Fortuna

302 2059 332 2119 id
348 2040 541 2136 permisisset.
577 2055 714 2116 Ceterum
730 2056 845 2115 confido
868 2075 916 2116 me
932 2057 1021 2118 etiam
1036 2058 1093 2118 hoc
1109 2059 1278 2119 adiumento
1301 2059 1446 2137 privatum
1460 2076 1585 2117 munere

302 2184 369 2225 meo
394 2166 484 2242 probe
507 2182 597 2241 posse
620 2162 711 2238 fungi.
750 2161 816 2222 Alio
833 2182 949 2240 quoque
972 2166 1060 2224 modo
1084 2166 1310 2227 translationem
1325 2166 1460 2225 Latinam
1484 2164 1585 2225 sanari

302 2292 393 2351 posse
416 2292 452 2332 ex
476 2268 553 2331 Galli
576 2268 656 2329 illius
680 2268 776 2329 verbis
800 2269 947 2342 conicias;
971 2270 1041 2330 dicit
1064 2272 1143 2331 enim
1166 2271 1306 2331 Jourdain
1335 2265 1416 2350 (pag.
1443 2265 1522 2349 401)
1554 2270 1586 2331 in

302 2378 532 2452 commentariis
544 2377 652 2455 quibus
664 2376 888 2437 divusThomas
901 2376 1069 2437 Aristotelis
1083 2378 1201 2454 politica
1209 2377 1408 2454 explicaverit,
1423 2378 1586 2438 nonnullos

303 2485 518 2547 rhetoricorum
542 2486 625 2544 locos
641 2482 765 2543 inveniri
789 2503 825 2543 ex
847 2489 950 2542 nostra
965 2482 1099 2542 versione
1115 2490 1260 2560 sumptos.
1301 2483 1359 2542 Sed
1375 2483 1448 2541 mihi
1464 2484 1587 2560 quidem

303 2592 371 2654 illos
394 2592 473 2652 iusto
497 2590 656 2667 ampliores
673 2589 901 2650 commentarios
925 2588 1106 2667 percurrenti
1129 2589 1159 2648 hi
1175 2595 1291 2649 tanturn
1307 2588 1365 2648 loci
1381 2599 1586 2666 occurrerunt,

305 2699 365 2778 qui,
391 2717 460 2758 cum
484 2718 501 2757 a
525 2696 642 2755 Thoma
672 2714 732 2756 non
756 2697 793 2755 ad
815 2696 937 2755 verbum
960 2695 1101 2774 descripti
1132 2695 1207 2770 sint,
1231 2695 1279 2755 vix
1304 2696 1589 2759 commemoratione

305 2813 375 2866 sunt
397 2804 486 2881 digni.
526 2802 606 2863 Libri
623 2801 710 2880 primi
725 2802 784 2862 loci
806 2803 966 2863 laudantur
989 2801 1020 2861 in
1043 2803 1169 2863 lectione
1183 2803 1232 2862 Vll
1259 2822 1326 2881 pag.
1346 2807 1408 2867 645
1434 2795 1586 2881 (editionis

303 2911 474 2973 Parmensis
499 2906 614 2981 1867):
646 2909 784 2969 voluntas
812 2909 884 2969 nihil
912 2910 983 2982 vult,
1012 2911 1091 2987 quod
1121 2930 1181 2970 non
1211 2910 1249 2970 sit
1278 2910 1458 2971 intellectum
1485 2909 1587 2986 prius;

304 3019 335 3079 in
358 3018 483 3079 lectione
498 3015 547 3075 Vll
564 3034 630 3093 pag.
650 3019 729 3078 671:
754 3014 886 3092 optimus
910 3035 983 3074 usus
1007 3015 1184 3090 divitiarum,
1209 3017 1259 3093 qui
1275 3025 1320 3076 est
1335 3015 1366 3075 in
1382 3017 1587 3076 consumendo

305 3144 366 3185 eas
404 3123 483 3183 Libri
507 3121 629 3183 secundi
652 3122 710 3181 loci
733 3122 895 3184 afferuntur
917 3121 946 3180 in
970 3120 1097 3181 lectione
1118 3121 1156 3181 Vl
1183 3141 1249 3200 pag.
1269 3126 1349 3185 616:
1374 3124 1510 3183 homines
1535 3144 1586 3184 na·

304 3231 437 3292 turaliter
452 3231 596 3290 honorem
612 3235 770 3306 appetunt;
794 3227 825 3288 in
848 3226 973 3288 lectione
988 3226 1037 3285 Vll
1065 3247 1130 3305 pag.
1151 3232 1227 3292 641:
1252 3228 1412 3289 honestum
1427 3237 1480 3303 est,
1506 3232 1587 3307 quod

306 3339 471 3399 secundum
494 3356 527 3396 se
549 3335 715 3412 quaeritur3
738 3334 770 3393 in
792 3333 917 3394 lectione
939 3334 1001 3393 Vlll
1030 3353 1095 3412 pag.
1115 3339 1194 3397 704:
1219 3335 1406 3413 operationes
1422 3336 1502 3397 enim
1519 3356 1587 3399 con·

306 3452 407 3506 suetae
430 3451 459 3503 et
483 3462 558 3519 quae
582 3447 651 3501 sunt
674 3441 839 3501 secundum
861 3440 1005 3525 habitum,
1030 3441 1125 3517 magis
1149 3450 1219 3502 sunt
1241 3443 1438 3503 delectabiles.

411 3550 508 3628 Atque
524 3549 580 3608 hac
601 3547 798 3608 translatione
820 3547 917 3607 denuo
940 3547 1018 3608 edita
1041 3546 1170 3624 primum
1193 3555 1238 3607 est
1259 3567 1407 3625 quaerere,
1432 3557 1533 3611 utrum
1556 3550 1588 3611 in

305 3659 464 3718 alterautra
487 3657 613 3716 duarum
636 3654 825 3728 familiarum,
850 3654 957 3731 quibus
979 3672 1029 3714 ars
1051 3653 1198 3713 rhetorica
1220 3655 1257 3714 ad
1273 3674 1328 3715 nos
1353 3664 1515 3734 propagata
1531 3663 1587 3732 est,

304 3764 488 3825 numeranda
512 3761 550 3822 sit
565 3780 667 3826 necne,
707 3760 839 3838 Apparet
859 3740 951 3834 enim,
973 3759 998 3820 si
1021 3760 1078 3820 hoc
1101 3779 1160 3820 non
1183 3760 1260 3835 lieet,
1285 3780 1407 3824 necesse
1430 3784 1496 3824 esse
1520 3785 1589 3826 eam

304 3872 343 3932 ad
366 3870 454 3930 verba
484 3867 654 3947 philosophi
682 3866 863 3928 restituenda
891 3865 1000 3945 pariter
1030 3866 1162 3927 adhiberi
1192 3874 1280 3945 atque
1304 3869 1420 3931 codices
1444 3869 1587 3936 Graecos.

305 3975 511 4038 Adhibuerunt
538 3974 650 4035 scilicet
672 3994 738 4036 eam
762 3992 874 4047 omnes,
906 3973 956 4052 qui
979 3973 1146 4035 Aristotelis
1176 3975 1322 4036 rhetorica
1352 3977 1512 4053 ediderunt,
1546 3978 1590 4041 ita

305 4085 433 4163 quidem,
457 4087 490 4142 ut
512 4081 601 4141 modo
624 4080 702 4141 hano
725 4081 813 4140 modo
837 4079 920 4140 illam
935 4080 1091 4141 lectionem
1108 4081 1268 4158 probarent
1280 4082 1375 4144 verbis
1399 4084 1588 4161 interpretis;

306 4192 358 4252 sed
381 4190 417 4250 de
439 4188 562 4263 ratione,
587 4207 662 4267 quae
685 4187 761 4247 inter
783 4187 1009 4247 translationem
1032 4194 1060 4247 et
1083 4187 1214 4248 Graecos
1242 4189 1359 4250 codices
1383 4190 1587 4267 intercederet,

306 4305 519 4316 ....---——

415 4346 440 4415 ¹t)
457 4344 602 4400 Jourdain:
622 4344 794 4398 Recherches
809 4342 937 4411 critiques
956 4357 1002 4396 sur
1020 4338 1089 4410 l'age
1107 4346 1133 4395 et
1152 4357 1199 4396 sur
1211 4341 1334 4411 l'origine
1353 4345 1400 4399 des
1417 4345 1589 4401 traductione

306 4433 635 4499 latinesd'Aristote311.
655 4432 758 4489 edition
778 4431 854 4499 1843,
876 4446 901 4501 p.
921 4431 964 4497 70,
985 4430 1044 4495 182,
1062 4430 1124 4485 443.

396 4520 440 4597 ”l
459 4522 488 4580 Id
508 4528 672 4596 apparetur
690 4523 761 4581 illius
780 4521 978 4579 dissertationis
996 4521 1087 4594 priore
1105 4519 1224 4577 editione
1243 4538 1268 4579 a.
1289 4521 1366 4593 1819,
1385 4540 1413 4595 p.
1430 4523 1492 4582 492.
