3442 5246
273 1193 390 1304 Laude
414 1243 568 1316 adductus,
593 1261 651 1319 qua
675 1260 744 1301 oum
767 1240 933 1301 doctissimi
957 1242 1000 1302 illi
1024 1241 1138 1316 Graeci,
1164 1241 1340 1302 Theodorus
1356 1241 1447 1315 Gaza,

165 1350 390 1428 Argyropulus,
426 1349 602 1420 Bessarion,
638 1357 702 1407 tum
735 1348 839 1407 Petrus
873 1348 1017 1407 Victorius
1058 1355 1205 1407 vetustam
1241 1349 1380 1409 Guilelmi
1413 1349 1450 1407 de

165 1457 325 1518 Moerbeka
340 1456 564 1516 translationem
581 1456 809 1527 celebraverunt,
828 1456 1018 1531 offensusque
1034 1454 1322 1528 „hariolationibus“
1335 1474 1448 1528 eorum,

165 1564 217 1642 qui
240 1565 299 1623 bac
322 1562 563 1640 interpretatione
590 1561 668 1619 male
691 1561 737 1619 usi
761 1568 853 1633 erant,
884 1561 1055 1621 Leonardus
1080 1561 1224 1637 Spengel,
1258 1581 1316 1638 quo
1347 1561 1449 1620 dubito

165 1692 203 1730 an
236 1689 325 1730 nemo
361 1676 464 1728 nostra
497 1675 593 1727 aetate
628 1667 733 1726 melius
764 1669 800 1726 de
828 1667 996 1728 Aristotelis
1027 1676 1089 1727 arte
1123 1667 1270 1726 rhetorica
1301 1667 1448 1740 meruerit,

163 1778 243 1837 banc
267 1775 494 1836 translationem
521 1775 618 1833 denuo
649 1773 727 1850 typis
757 1773 982 1834 describendam
1013 1774 1134 1834 curavit.
1183 1773 1320 1833 Sinceras
1349 1780 1450 1832 autem

163 1882 391 1959 lectionesque
415 1880 524 1940 certius
553 1880 729 1953 enuclearet,
760 1880 808 1940 ille
832 1881 950 1956 quidem
983 1889 1043 1941 tres
1067 1882 1159 1940 libros
1183 1880 1328 1954 (codicem
1350 1880 1451 1939 Mona-

166 2008 288 2050 censem
321 1989 437 2062 306*),
477 1987 635 2046 editionem
665 1987 808 2047 Venetam
844 1987 915 2047 anni
947 1990 1057 2061 1481,
1089 1987 1168 2047 Petri
1197 1985 1318 2046 Victorii
1354 2005 1450 2046 exem·

169 2096 267 2175 plum)
302 2096 377 2155 inter
407 2115 439 2154 se
471 2095 603 2155 contulit.
651 2093 710 2153 Sed
740 2094 872 2153 codicem
895 2094 924 2152 M
955 2102 982 2153 et
1013 2094 1170 2154 editionem
1193 2094 1335 2155 Venetam
1370 2094 1394 2166 (ε
1415 2093 1449 2166 Ε)

165 2205 324 2262 oculorum
356 2201 528 2261 infirmitate
557 2200 716 2277 impeditus
747 2220 807 2259 non
837 2200 913 2261 satis
943 2208 1081 2260 accurate
1110 2202 1252 2262 excussit.
1299 2203 1400 2279 ltaque
1423 2208 1452 2261 et

165 2310 231 2387 ipse
247 2310 305 2368 hos
320 2309 412 2368 libros
430 2315 633 2385 perscrutatus
650 2327 727 2366 sum.
773 2307 879 2367 Exstat
899 2314 998 2366 autem
1015 2307 1043 2367 in
1061 2307 1239 2369 bibliotheca
1255 2308 1335 2384 regia
1351 2309 1451 2367 Mona-

166 2416 250 2475 censi
274 2417 348 2475 alter
371 2416 448 2475 hanc
473 2414 696 2474 translationem
720 2413 875 2474 continens
899 2414 1001 2487 codex,
1027 2415 1120 2474 multo
1144 2416 1342 2491 praestantior
1363 2423 1451 2493 atque

164 2522 311 2598 integrior
334 2523 525 2598 quamblon.
552 2525 626 2594 306,
651 2520 736 2580 cuius
760 2541 808 2580 me
832 2520 986 2580 admonuit
1009 2521 1174 2581 Guilelmus
1197 2521 1303 2599 Meyer,
1328 2521 1371 2581 vir
1390 2542 1450 2582 non

167 2629 268 2705 magis
293 2629 426 2689 literatus
451 2649 540 2706 quani
565 2628 724 2688 officiosus.
750 2627 838 2687 Hunc
862 2646 980 2705 quoque
1002 2628 1143 2703 codicem,
1169 2628 1270 2706 quiin
1292 2627 1388 2687 indice
1412 2628 1453 2688 bi·

167 2736 338 2797 bliothecae
353 2735 465 2811 ‘regiae
488 2754 612 2795 numero
636 2727 740 2806 8003,
771 2734 801 2794 in
826 2732 883 2793 hac
906 2732 1113 2794 dissertatione
1135 2736 1220 2795 litera
1242 2748 1278 2795 m
1308 2734 1450 2810 signatur,

164 2843 325 2919 diligenter
348 2842 470 2905 contuli.
517 2842 651 2914 Quorum
675 2841 812 2901 codicum
835 2840 976 2901 lectiones
1001 2860 1092 2902 novas
1116 2841 1158 2903 ita
1180 2841 1241 2901 iam
1264 2843 1391 2920 profero,
1420 2848 1453 2901 ut

166 2952 318 3024 omittam,
343 2950 484 3027 quidquid
507 2949 610 3009 inutile
634 2957 679 3008 est
702 2967 737 3009 ac
761 2966 1023 3024 supervacaneum.

749 3091 837 3150 Liber
860 3090 880 3153 l.

281 3220 367 3279 1354
383 3237 401 3276 a
419 3219 459 3279 10
476 3217 563 3289 (178,
583 3211 691 3296 11)**)
714 3213 747 3273 τὸ
771 3209 804 3271 δὲ
827 3217 952 3273 τοιοῦτον
974 3209 1033 3298 ἤδη
1055 3214 1161 3283 πάντες
1183 3207 1218 3274 ἂν
1241 3207 1455 3297 ὁμολογήσαιεν

170 3354 213 3365 —-
232 3323 295 3382 tale
317 3328 416 3382 autem
440 3342 544 3382 onmes
569 3321 669 3399 utique
693 3323 929 3395 confitebuntur3
954 3332 986 3384 at
1008 3323 1075 3382 Eet
1092 3343 1137 3383 m:
1162 3330 1184 3383 t.
1202 3343 1228 3383 a.
1246 3343 1273 3387 ο.
1292 3323 1409 3386 uiam
1427 3342 1453 3387 c.

282 3430 367 3491 1354
390 3449 408 3488 a
432 3433 473 3490 23
498 3431 586 3504 (179,
605 3429 636 3500 3)
660 3425 802 3508 καθάπερ
825 3426 877 3486 καὶ
900 3420 929 3485 ἐν
952 3419 1059 3507 Ἀρείῳ
1083 3427 1170 3507 πάγῳ
1189 3460 1225 3471 -
1245 3429 1289 3489 sic
1312 3429 1401 3489 etiam
1424 3428 1455 3488 in

172 3537 351 3613 Areopag03
376 3543 405 3595 at
428 3535 457 3594 M
480 3544 508 3595 et
532 3555 578 3595 m:
604 3535 705 3596 sicot
728 3536 815 3596 etin
838 3536 874 3595 A.

284 3644 369 3704 1354
394 3643 411 3702 b
437 3649 454 3703 5
480 3641 567 3714 (179,
594 3641 648 3714 19)
673 3633 715 3699 ὅτι
737 3633 757 3723 ἡ
781 3640 833 3721 μὲν
856 3645 905 3700 roo
928 3638 1093 3723 νομοθέτον)
1116 3640 1211 3720 κρίσις
1229 3672 1266 3685 -
1291 3642 1361 3720 quia
1384 3641 1456 3703 iudi-

174 3747 260 3809 cium
281 3747 477 3829 legislatoris;
509 3755 540 3808 at
561 3749 606 3807 M:
632 3748 681 3825 qui
706 3748 725 3809 i.
750 3748 900 3827 quidem
924 3749 944 3810 l.

283 3855 412 3918 13541)
437 3857 476 3918 18
502 3856 590 3929 (179,
616 3856 673 3928 31)
703 3853 735 3914 τὸ
758 3853 907 3937 προοίμιον
937 3848 957 3939 ἢ
984 3852 1036 3937 τὴν
1060 3850 1192 3939 διήγησιν
1221 3848 1300 3939 ἔχειν
1327 3887 1363 3900 -
1392 3875 1458 3936 pro·

171 3960 306 4023 oemium
328 3961 438 4022 habere
460 3969 511 4023 aut
534 3961 751 4036 narrationem
782 3972 813 4024 at
836 3964 867 4039 E,
892 3963 930 4039 M,
956 3985 1002 4026 m:
1028 3963 1274 4043 prohemium
1297 3973 1360 4028 aut
1382 3985 1458 4027 nar·

172 4069 368 4130 rationem
392 4069 546 4130 habere.

283 4239 309 4307 ¹³)
329 4241 380 4295 Per
398 4257 518 4295 errorem
536 4240 650 4312 Spengel
676 4241 740 4297 huic
758 4241 846 4299 codici
863 4241 891 4299 in
910 4244 977 4302 artis
999 4241 1152 4302 rhetoricae
1178 4243 1296 4301 editione
1322 4241 1360 4314 (a.
1380 4243 1458 4302 1867.

174 4329 231 4384 vol.
249 4328 269 4382 l.
288 4346 349 4398 pag.
370 4330 440 4397 166.)
460 4347 602 4384 numerum
622 4331 674 4384 367
693 4333 798 4387 tribuit.

268 4416 313 4486 ⁸⁰)
331 4419 511 4473 dumetorum
530 4419 635 4488 priores
654 4419 791 4489 pertinent
809 4423 843 4476 ad
863 4420 979 4480 Bellerl
996 4424 1144 4481 editionem
1171 4424 1237 4480 anni
1258 4421 1349 4489 1831,
1369 4428 1459 4493 poste·

175 4504 272 4573 riores,
291 4507 338 4578 qui
356 4507 434 4563 uncis
453 4507 549 4562 inclusi
570 4514 642 4577 sunt,
661 4510 693 4564 ad
714 4510 838 4581 Spengeli
857 4512 1004 4569 editionem
1023 4514 1087 4571 anni
1109 4514 1187 4571 1867.

1233 4606 1245 4663 1
