3442 5246
844 363 1060 435 ..42-

312 564 470 628 ridiculum
493 585 564 628 saue
580 574 625 627 est
641 573 745 645 putare
765 567 856 630 libros
872 567 1005 631 diversae
1019 567 1202 631 recensionis
1218 565 1394 643 inspexisse,
1419 567 1591 643 contulisse,

313 673 418 736 melius
442 695 478 736 ex
501 675 538 735 iis
561 675 734 736 enucleasse
756 695 825 736 eum
847 676 1008 752 hominem,
1032 676 1084 754 qui
1107 676 1224 753 singula
1248 675 1361 735 Graeca
1383 677 1528 736 vocabula
1551 674 1594 737 ita

314 782 453 856 novisset,
477 789 510 842 ut
533 782 695 843 sententias
719 784 894 861 plerumque
916 804 977 845 non
999 784 1189 860 intellegeret.

420 889 554 950 Primum
577 888 665 964 igitur
681 891 883 967 quaerendum
906 898 959 966 est,
984 911 1057 952 num
1079 891 1163 958 liber,
1188 908 1246 968 quo
1270 889 1415 966 interpres
1440 907 1514 948 usus
1537 896 1594 965 est,
1709 910 1710 975 j

314 994 345 1056 iu
368 995 482 1057 familia
498 995 609 1056 codicis
625 995 664 1056 Ao
682 999 884 1057 numerandus
901 997 948 1058 sit.
988 997 1074 1071 Quod
1089 996 1168 1058 Petri
1182 996 1313 1068 Victorii,
1330 994 1438 1068 Vateri,
1456 990 1595 1076 Buhlei*)
1709 990 1710 993 '

315 1103 489 1164 auctoritate
512 1108 664 1180 permotus
688 1103 812 1164 forsitan
836 1122 969 1164 censeas,
1005 1103 1044 1164 At
1066 1124 1145 1178 vero,
1170 1103 1196 1163 si
1219 1095 1291 1161 660
1315 1103 1376 1163 lere
1397 1096 1474 1163 locis
1498 1109 1595 1163 trans·

314 1207 386 1270 latio
409 1210 448 1269 ab
464 1209 503 1270 llc
525 1209 675 1287 discrepat
697 1216 726 1270 et
749 1229 817 1270 curn
841 1210 1035 1270 deterioribus
1059 1209 1210 1269 codicibus
1226 1208 1370 1283 congruit,
1396 1207 1421 1268 si
1438 1209 1595 1286 permultis

316 1315 390 1376 locis
415 1316 568 1395 proprium
593 1317 712 1394 aliquid,
738 1318 816 1395 quod
840 1337 935 1395 neque
950 1317 981 1378 in
996 1316 1199 1378 vetustissimo
1222 1314 1323 1376 codice
1339 1334 1434 1392 neque
1450 1317 1481 1377 in
1496 1335 1595 1377 recen·
1710 1362 1711 1397 ,

314 1422 439 1483 tioribus
469 1423 588 1499 legitur,
620 1422 751 1497 exhibet,
784 1443 855 1483 num
884 1423 941 1483 hoc
971 1422 1130 1484 verisimile
1152 1422 1287 1482 videtur?
1333 1421 1364 1481 ld
1392 1422 1489 1482 verbis
1517 1423 1596 1484 affir-

316 1549 399 1591 mare
421 1550 482 1590 non
506 1529 579 1591 satis
602 1529 707 1603 habeo,
732 1536 764 1590 ut
787 1529 852 1608 ipse
876 1530 974 1608 possis
998 1529 1137 1603 iudicare,
1170 1546 1239 1588 ecce
1261 1527 1423 1587 lectionum
1444 1529 1596 1590 variarum

316 1636 517 1713 gravissimae.

312 1804 313 1811 ¹
529 1741 628 1803 Codex
652 1740 691 1801 Αο
1076 1741 1199 1802 Vetusta
1214 1739 1376 1807 translatio

424 1853 509 1913 1356
522 1868 539 1909 a
553 1850 592 1912 21
611 1841 699 1927 (183,
717 1845 773 1924 28)
795 1844 903 1914 rouro<
925 1839 983 1905 ἐστι
1002 1880 1036 1889 -
1055 1852 1147 1906 ταῦτα
1168 1845 1204 1904 τά
1226 1836 1292 1924 τρία
1313 1835 1371 1902 ἐστί
1391 1863 1458 1904 cum
1481 1843 1588 1917 QYZ.

424 1958 508 2018 1357
533 1975 551 2015 a
576 1958 592 2018 7
618 1950 705 2034 (185,
723 1954 777 2028 23)
800 1949 945 2013 πλέον-
962 1949 1050 2012 πλέον
1073 1945 1092 2033 ἢ
1116 1944 1209 2019 οὕτως
1231 1944 1379 2031 ἐνδέχεται
1401 1970 1469 2011 cunr
1492 1949 1590 2023 QYZ.

424 2065 507 2125 1357
533 2063 552 2121 b
576 2065 616 2125 27
642 2056 732 2139 (187,
747 2058 802 2141 16)
827 2081 877 2122 om
899 2082 1021 2131 versum⁴
1040 2053 1183 2141 ὁμοιοτελ.
1203 2092 1242 2102 -
1263 2065 1359 2120 serrat
1381 2077 1450 2117 cum
1473 2055 1499 2129 Q
1511 2055 1536 2115 Y
1548 2054 1581 2115 Z.

351 2236 356 2245 ,
425 2171 509 2232 1358
534 2189 552 2229 a
576 2172 594 2230 8
618 2161 705 2246 (187,
732 2160 786 2245 28)
808 2166 891 2247 παρὰ
913 2173 984 2226 πᾶσι
1010 2198 1046 2209 -
1072 2167 1184 2233 πάντας
1207 2185 1276 2227 cum
1300 2165 1404 2238 QYZ.

424 2278 509 2338 1360
524 2276 543 2336 b
562 2279 602 2338 23
620 2266 708 2353 (194,
723 2272 778 2346 28)
795 2293 845 2334 οιιι
857 2294 976 2335 versum
991 2267 1064 2353 (non
1076 2266 1231 2354 ὁμοιοτελ.)
1258 2304 1292 2314 -
1317 2272 1422 2332 retinet
1438 2288 1506 2330 cum
1522 2267 1596 2341 QY.
1616 2296 1620 2302 ·
1712 2336 1713 2349 χ

426 2385 508 2446 1361
527 2403 546 2443 a
569 2386 609 2446 13
635 2374 723 2459 (196,
750 2382 782 2461 1)
807 2402 850 2459 pr.
867 2401 916 2441 om
938 2376 980 2475 έτι
1001 2375 1034 2437 δὲ
1057 2372 1184 2438 ἐπίπλων
1206 2383 1308 2459 πτῆσις
1329 2375 1382 2437 καὶ
1404 2373 1602 2456 βοσκημάτων
1712 2360 1713 2379 ’

204 2536 206 2541 ⁴
316 2486 369 2547 ιιοιὶ
391 2483 590 2567 ἀνδραπόδων,
623 2489 729 2549 sedin
751 2507 845 2564 marg.
864 2488 904 2548 A⁰
926 2489 1102 2565 supplentur
1124 2482 1176 2543 καί
1198 2478 1388 2563 ἀνδραπόδων
1411 2479 1463 2540 καί
1486 2477 1601 2560 βοσκη-

317 2594 416 2675 μάτων
430 2597 637 2657 -translatio
661 2596 760 2657 omnia
785 2604 881 2656 servat
904 2615 972 2656 cunr
987 2594 1051 2668 QY,
1077 2593 1129 2653 sed
1151 2592 1255 2653 eodem
1277 2588 1380 2650 ordine
1404 2607 1462 2665 quo
1486 2605 1601 2662 marg.;

318 2696 444 2779 leginius
454 2704 545 2763 eninr:
564 2704 660 2764 adhuc
672 2710 772 2765 autem
788 2702 1014 2781 supellectilium
1029 2698 1179 2779 possessio
1192 2706 1221 2759 et
1233 2715 1386 2757 servorum
1397 2702 1426 2756 et
1439 2695 1600 2773 pecudum.
1713 2738 1714 2749 ,

426 2813 509 2874 1361
535 2830 553 2870 e
576 2814 617 2873 33
643 2802 732 2887 (196,
758 2810 812 2885 21)
835 2809 917 2868 τόποι
941 2841 980 2851 -
1005 2806 1106 2886 τράποι
1129 2826 1198 2866 curn
1222 2804 1323 2878 QYZ.

429 2921 513 2982 1362
526 2938 544 2978 a
558 2920 597 2981 15
610 2918 696 2990 (198,
709 2911 764 2997 24)
774 2916 971 2996 προτρέποντα
983 2963 990 2976 .
1004 2957 1028 2973 ..
1041 2907 1240 2993 ἀποτρέποντα
1253 2942 1289 2953 -
1302 2928 1364 2973 acc.
1377 2909 1452 2986 plur.
1463 2914 1495 2968 ut
1506 2907 1603 2980 QYZ.

428 3027 512 3086 1363
537 3044 555 3084 a
581 3027 620 3087 13
644 3019 731 3103 (201,
761 3025 791 3097 7)
822 3043 881 3083 orn.
906 3015 958 3087 οὓς
981 3011 1008 3077 οἱ
1031 3015 1109 3102 φίλοι
1132 3017 1249 3098 ψέγοοσι
1271 3013 1322 3075 καὶ
1345 3008 1471 3092 ἀγαθώ
1496 3014 1547 3073 sed
1571 3012 1607 3072 in

319 3149 412 3207 marg.
438 3131 629 3208 supplentur:
655 3123 706 3198 οὓς
729 3120 756 3187 οἱ
779 3124 857 3211 φίλοι
880 3126 999 3207 percont
1015 3159 1055 3169 -
1073 3127 1173 3187 omnia
1194 3126 1284 3186 verba
1306 3124 1395 3184 hebet
1418 3140 1487 3182 cum
1502 3119 1605 3192 QYZ.

429 3240 512 3301 1363
537 3259 555 3299 a
580 3241 621 3302 14
646 3230 734 3315 (201,
760 3230 792 3316 7)
815 3233 857 3316 μὴ
882 3234 1000 3315 ψέγουσι
1024 3263 1064 3275 -
1089 3225 1235 3291 ἐπαινοῦσι
1257 3251 1327 3291 cum
1350 3228 1455 3302 QYZ.

429 3347 515 3408 1364
538 3365 556 3405 a
581 3348 620 3409 12
647 3338 735 3423 (203,
762 3336 817 3422 20)
840 3340 972 3423 μείζονος
997 3373 1036 3384 -
1062 3338 1192 3420 μείζονος
1215 3331 1315 3419 ἀρχῆς
1339 3356 1406 3397 curn
1430 3334 1532 3408 QYZ.

429 3454 513 3513 1365
538 3471 556 3511 a
580 3455 620 3513 12
646 3451 733 3524 (206,
759 3445 813 3528 11)
838 3468 888 3509 orn
910 3443 1053 3523 λέγουσαν
1081 3479 1115 3488 -
1143 3445 1249 3506 retinet
1265 3464 1334 3505 curn
1350 3443 1375 3515 Q
1387 3443 1412 3502 Y
1424 3441 1455 3501 Z.

429 3561 514 3622 1370
538 3578 556 3618 a
581 3560 620 3621 19
646 3547 734 3634 (220,
760 3550 792 3634 3)
822 3546 857 3612 ἐκ
880 3557 929 3613 τοῦ
952 3549 1112 3634 λαμβάνειν
1135 3543 1311 3631 ἐπιθυμοῦσι
1337 3581 1372 3590 -
1400 3539 1435 3605 ὲκ
1457 3549 1510 3605 τοῦ
1530 3536 1606 3604 duc·

321 3659 480 3744 λαμβάνειν
501 3680 528 3722 τι
550 3656 726 3743 ἐπιθυμοῦσι
749 3681 817 3722 cunr
840 3662 946 3735 QYZ.

430 3775 513 3837 1371
532 3777 581 3835 ο9
600 3770 690 3847 (222,
705 3763 738 3848 8)
760 3772 887 3834 τοιοῦτος
909 3758 970 3834 οἷος
993 3757 1009 3826 ὁ
1032 3760 1193 3832 σποοδαῖος
1209 3798 1249 3807 -
1267 3781 1290 3821 τ.
1306 3760 1359 3821 καὶ
1374 3779 1402 3823 σ.
1419 3781 1487 3823 cunr
1504 3760 1609 3835 QYZ.

431 3882 514 3942 1371
542 3899 559 3938 a
585 3882 621 3942 11
649 3869 719 3956 (11)
744 3894 802 3935 orn.
826 3871 879 3932 καί
901 3864 928 3931 οἱ
950 3872 1087 3954 γνώριμοι
1111 3905 1150 3913 -
1176 3871 1281 3932 retinet
1304 3890 1373 3930 cum
1396 3869 1499 3941 QYZ.

431 3988 514 4048 1371
540 3986 559 4045 b
583 3988 602 4048 8
627 3984 714 4058 (223,
733 3977 766 4061 9)
789 3974 845 4040 κάν
868 3973 889 4058 ᾗ
911 3972 967 4063 (δι’)
991 3971 1061 4039 αὐτὸ
1084 3977 1117 4037 τὸ
1140 3976 1394 4059 μεμιμημένον-
1412 3970 1464 4032 καί
1486 3964 1539 4031 έὰν
1562 3971 1611 4056 μὴ

324 4084 345 4170 ἡ
368 4084 424 4174 ἡδὺ
447 4082 536 4150 οὔτὸ
560 4089 680 4173 μίμημα
704 4110 772 4150 cum
796 4090 897 4163 QYZ.

433 4201 515 4262 1371
542 4200 561 4258 b
585 4202 623 4262 31
651 4190 741 4275 (224,
767 4195 799 4271 3)
823 4186 839 4255 ὁ
862 4194 984 4277 ποιητάς
1012 4226 1046 4235 -
1074 4183 1232 4271 Εὐριπίδης
1255 4208 1323 4250 curn
1347 4188 1449 4262 QYZ.

433 4309 517 4370 1372
542 4326 560 4367 a
584 4310 624 4368 25
649 4298 736 4383 (225,
762 4304 794 4379 8)
817 4295 866 4362 σία
888 4297 957 4385 μηδ’
983 4293 1018 4360 ἂν
1041 4291 1082 4367 είς
1107 4330 1146 4341 -
1172 4293 1193 4356 ά
1215 4290 1292 4378 μηδὲ
1315 4286 1356 4362 εἰς
1378 4315 1448 4356 cum
1471 4293 1531 4366 ΟΥ
1546 4293 1582 4358 Ζ.

432 4443 458 4510 l)
477 4442 635 4497 Aristotelis
653 4458 734 4511 opera
759 4441 858 4506 omnia,
884 4441 925 4494 ed.
946 4439 987 4496 lo.
1006 4435 1176 4510 Theophilus
1195 4434 1292 4491 Buhle.
1328 4434 1462 4489 Volumen
1480 4430 1525 4487 IV.
1565 4429 1615 4486 Bi·

325 4534 403 4606 ponti
423 4532 492 4588 1793
511 4548 572 4605 pag.
592 4530 637 4586 tx.
