3442 5246
254 511 428 575 1361321
455 502 543 588 (196,
561 510 593 583 8)
617 510 658 572 113
680 509 759 588 quod
783 517 954 571 remaneant
978 508 1034 571 sibi
1052 538 1090 553 ·-
1108 511 1159 568 τοῦ
1179 525 1209 566 τε
1230 497 1325 569 οἰκεῖα
1347 499 1427 571 εἶναι.

254 618 430 681 1361329
453 611 542 695 (196,
562 616 617 691 16)
639 636 700 678 333
724 618 822 677 solum
839 617 891 676 sed
909 646 947 658 -
965 605 999 674 ot
1023 614 1081 697 μὴν
1104 607 1193 675 3119131.
1217 616 1323 679 Utrum
1339 615 1426 695 μόνον

145 720 288 783 invenerit
311 743 349 783 an
372 721 440 804 μήν,
468 744 573 801 parum
597 725 696 802 liquet.

169 884 184 895 „
249 831 331 893 1861
358 850 376 890 3
401 832 441 892 30
465 831 624 904 (196,17)
652 846 728 909 quae
744 821 788 912 (ἡ)
813 831 850 891 ad
874 830 1048 903 sanitatem3
1073 830 1159 891 Em:
1185 831 1312 892 salutem
1337 862 1376 872 -·
1402 820 1422 909 ἢ

144 925 186 1004 εἰς
209 926 362 1017 σωτηρίαν.

253 1046 335 1107 1361
361 1062 379 1104 3
403 1047 443 1106 32
468 1042 629 1119 (19619)
652 1064 713 1106 uon
736 1045 827 1105 male:
852 1052 922 1106 tuno
945 1037 1000 1121 (z
1023 1037 1099 1124 τότε)
1125 1074 1163 1085 -
1188 1042 1266 1102 ποτέ.

253 1152 335 1212 1361
362 1151 381 1210 1)
405 1154 423 1213 9
449 1150 536 1224 (197,
555 1150 588 1223 8)
612 1151 709 1212 videre
732 1160 760 1212 et
783 1152 821 1212 ad
846 1181 885 1193 -
908 1141 978 1208 ἰδεῖν
1000 1149 1082 1231 πρός,

253 1258 335 1319 1361
354 1257 373 1316 1)
389 1260 430 1318 22
448 1256 535 1330 (197,
553 1257 608 1330 23)
632 1259 741 1318 etenim
764 1259 848 1321 velox
872 1259 1013 1319 robustus
1037 1255 1156 1334 quidem
1179 1264 1224 1317 est
1246 1288 1279 1298 -
1301 1252 1353 1313 331
1368 1254 1425 1332 γὰρ

145 1353 161 1421 0
183 1358 277 1442 ταχὺς
296 1353 422 1443 ὶαχορός
443 1353 525 1420 ἐστιν.
548 1363 688 1424 Morelius
712 1365 782 1440 legit
804 1365 973 1441 quidam3
997 1363 1068 1424 dicit
1091 1362 1185 1423 euim:
1212 1370 1315 1436 „retus
1338 1363 1426 1423 inter·

147 1488 215 1548 pres
230 1467 334 1530 habuit
349 1469 380 1529 in
396 1487 451 1529 sno
467 1468 568 1529 codiee
588 1459 712 1550 ἰσχυρός
726 1467 768 1537 τίς
783 1461 842 1528 ἐστι
861 1479 894 1532 ut
914 1479 943 1532 et
959 1471 1052 1531 schot
1070 1468 1233 1531 Graecus“.
1257 1468 1425 1530 pronomen

143 1572 186 1643 τὶς
209 1576 310 1637 333331
333 1577 408 1637 bene
431 1575 576 1638 convenit.

251 1686 334 1745 1661
360 1683 380 1742 b
403 1686 443 1747 27
469 1679 626 1757 (197,27)
658 1689 703 1742 331
726 1682 845 1760 quidem
872 1715 908 1725 -
935 1674 1008 1757 torn
1039 1682 1185 1761 particula
1212 1680 1264 1761 μέν
1287 1681 1335 1742 hio
1365 1699 1426 1741 non

9 1762 15 1827 ¹:
144 1789 221 1849 malo
245 1787 390 1865 ponitur.'

251 1898 332 1959 1861
358 1895 378 1954 b
402 1899 443 1958 30
468 1894 606 1970 (1981)
629 1902 658 1955 et
681 1914 740 1955 non
763 1896 905 1971 longevus
923 1927 963 1938 —
986 1893 1039 1954 καὶ
1061 1891 1266 1976 πολυχρόνιος.
1291 1894 1422 1974 Scriptu-

144 2022 209 2062 ram
232 1992 300 2059 3οδἑ
324 2003 445 2079 praebet
468 2002 557 2063 etiam
581 2003 676 2065 sohol.

252 2112 335 2172 1361
361 2110 381 2169 b
405 2113 445 2172 37
470 2111 558 2185 (198,
578 2109 610 2182 7)
634 2128 683 2169 om
706 2099 801 2167 etum
823 2117 852 2170 et
875 2110 905 2171 in
929 2111 1065 2187 proximo
1090 2130 1176 2171 versu
1199 2103 1311 2188 ἄνδρες.

257 2219 341 2279 1362
366 2237 384 2276 3
408 2220 426 2279 8
452 2217 540 2291 (193,
560 2216 612 2289 17)
636 2215 720 2298 Unus
744 2223 844 2276 autem
866 2247 911 2259 ·-
933 2209 950 2275 ὁ
973 2211 1014 2275 δὲ

253 2325 338 2386 1862
363 2343 381 2383 3
405 2326 424 2385 8
450 2320 612 2398 (13318)
636 2330 665 2384 31
688 2322 713 2383 31
736 2321 787 2382 3111
809 2323 979 2384 nescierunt
1004 2354 1043 2365 -
1067 2315 1088 2404 ἢ
1112 2313 1139 2380 ot
1162 2316 1248 2381 ἄλλοι
1271 2320 1313 2404 μὴ
1336 2313 1425 2394 eddom

143 2429 272 2491 fortasse
294 2428 380 2505 legit:
408 2421 526 2508 ᾔδεσαν.

710 2535 805 2614 Caput
830 2541 859 2599 6.

251 2645 336 2706 1362
362 2663 380 2703 3
404 2648 445 2706 25
470 2643 558 2717 (199,
578 2643 610 2716 7)
633 2643 781 2721 lnterpres
804 2662 923 2704 versum
947 2664 1006 2704 orn.

251 2753 334 2813 1362
359 2770 377 2809 3
401 2754 440 2814 27
467 2750 554 2825 (199,
574 2750 605 2823 7)
628 2751 686 2811 hoo
708 2750 788 2811 enim
812 2780 852 2792 -
877 2750 962 2810 τοῦτό
984 2743 1060 2824 torm
1085 2753 1149 2814 3311

251 2859 335 2920 1362
360 2845 443 2919 328
468 2858 556 2931 (199,
581 2857 613 2931 9)
637 2858 743 2918 horum
770 2889 808 2901 -
832 2862 888 2916 τῶν
911 2855 1056 2922 tornitruo,

252 2966 335 3026 1662
360 2983 378 3024 a
402 2967 442 3026 38
469 2964 556 3039 (199,
583 2966 636 3038 19)
660 2966 767 3026 desunt
790 2967 868 3041 apud
892 2964 1082 3043 interpretem
1106 2966 1164 3026 duo
1188 2985 1302 3031 versus,

250 3074 334 3133 1862
359 3071 378 3129 1)
404 3074 445 3132 10
470 3071 557 3145 (199,
584 3072 637 3145 27)
662 3071 832 3132 felicitatem
855 3104 898 3114 -
922 3062 1092 3152 εὐδαιμονία
1115 3074 1233 3134 rectius.

250 3177 377 3239 13621)
402 3180 442 3240 16
467 3178 555 3252 (200,
583 3179 615 3251 2)
640 3198 733 3256 quum
756 3210 796 3220 -·
822 3169 878 3249 ὅτι;
901 3178 964 3241 ille:
989 3171 1072 3241 dost?

251 3286 336 3346 1362
354 3284 372 3343 b
390 3288 432 3346 24
457 3284 543 3357 (200,
567 3284 620 3357 10)
644 3287 740 3346 bonae
763 3284 953 3362 aptitudines,
978 3287 1148 3362 memoriae,
1172 3288 1274 3349 faciles
1298 3287 1426 3365 discipli·

143 3396 229 3450 33133
247 3421 286 3433 -
303 3380 418 3472 ὠφυΐα,
441 3396 564 3474 μνῆμαι,
587 3382 735 3471 εὐμάθεια
757 3392 868 3470 aliquid
892 3395 1016 3468 reotius3
1040 3402 1073 3455 et
1096 3402 1164 3457 ante
1187 3395 1315 3456 omnia
1339 3395 1427 3456 Grae·

144 3495 187 3556 cis
209 3497 302 3558 deest.

251 3607 336 3668 1362
360 3603 379 3665 b
404 3608 445 3667 32
471 3605 630 3679 (20017)
654 3626 704 3666 om
727 3605 875 3689 συμφέρει.

252 3713 335 3774 1862
360 3713 379 3771 b
403 3715 444 3773 36
470 3712 556 3786 (200,
583 3712 637 3785 22)
661 3714 764 3774 eadem
789 3744 828 3754 -
853 3704 954 3784 sn6t63
978 3715 1004 3787 Q
1027 3717 1127 3773 ταῦτα.
1155 3786 1163 3807 ⁶

250 3814 335 3881 1363
360 3821 420 3880 33
451 3820 538 3893 (200,
564 3819 619 3892 26)
649 3825 702 3881 331
729 3820 825 3881 multa
855 3829 924 3882 sunt
954 3839 1150 3899 expensa-
1175 3812 1195 3901 ἢ
1223 3815 1427 3903 δεδαπάνηταα

144 3921 231 3983 Haud
254 3923 317 3983 seio
340 3945 378 3985 an
403 3944 458 3985 suo
475 3926 569 3987 Marte
591 3926 738 4003 interpres
762 3926 937 3988 adiectirum
960 3928 1119 4005 repetierit.
1147 3927 1225 3989 Nam
1241 3928 1354 3990 similes
1369 3925 1428 4003 loci

143 4035 204 4090 tam
228 4049 318 4108 saepe
340 4031 427 4092 nobis
451 4040 620 4106 occurrunt,
645 4040 678 4094 ut
701 4033 835 4111 suspicio
860 4042 1023 4100 moveatur.

251 4140 335 4200 1663
360 4148 378 4198 3
403 4145 421 4200 5
446 4134 533 4212 (200,
552 4141 606 4213 25)
630 4139 709 4202 dedit
732 4140 857 4217 gloriam
875 4174 906 4182 —
931 4135 1001 4198 κὰδ’
1019 4136 1052 4199 δέ
1074 4156 1125 4200 κεν
1147 4131 1298 4222 adpetitu
1324 4142 1427 4216 6(29)

143 4250 229 4320 turpe
254 4273 293 4284 -
318 4235 443 4325 αἰσχρόν
465 4261 521 4303 τοι·
545 4245 679 4308 Varietas
696 4247 801 4309 latina
824 4249 935 4310 nullius
960 4269 1085 4327 prorsus
1109 4256 1154 4310 est
1177 4249 1333 4323 momenti;
1358 4269 1429 4309 nam

143 4348 295 4427 interpreti
318 4350 407 4415 dictio
432 4360 585 4430 poetarum
612 4355 699 4430 plane
722 4360 785 4415 erat
806 4353 916 4431 ignota,
942 4355 972 4416 id
989 4359 1068 4438 quod
1085 4356 1222 4418 omnibus
1241 4356 1315 4418 locis
1332 4354 1429 4416 videre

144 4455 221 4532 lieet,
246 4457 353 4535 quibus
377 4464 532 4540 poetarum
554 4479 658 4525 uersus
680 4460 848 4523 laudantur.
1374 4460 1377 4467 ’
