3442 5246
679 326 902 404 '-sa-

261 536 345 599 1359
369 536 389 598 1)
413 539 432 599 6
456 528 544 617 (191,
559 529 614 616 27)
637 537 806 600 illustrioris
832 569 870 583 -·
895 528 1137 621 έμφρονεοτὲροις.
1184 537 1324 600 Merelius
1348 545 1434 617 putat

30 630 31 649 ¹
150 638 340 719 interpretem
356 643 505 707 invenisse
519 635 744 727 έμμανεοτέρας,
767 653 847 708 recte
870 653 902 708 ut
918 646 1039 708 videtur.
1064 646 1142 707 Nam
1166 665 1236 723 pag.
1255 649 1339 709 1358
1358 667 1375 707 a
1393 651 1434 710 22

30 742 31 759 ¹
151 739 315 829 (188,18)
344 751 471 828 legimus
501 755 678 831 apudeum
702 754 860 831 sapiens
885 773 926 809 =
949 747 1069 835 ἔμιμρων
1092 761 1121 815 et
1154 772 1220 830 pag.
1241 757 1323 816 1367
1348 754 1367 813 1)
1392 757 1452 839 27

150 848 313 935 (21314)
336 858 535 920 elucidare
558 879 600 914 =
623 850 795 942 ἐμφανίζειν.
841 860 940 922 Lectio
964 860 1134 938 interpretis
1158 860 1206 920 bic
1230 859 1298 921 lerri
1322 860 1432 937 nequit.

260 966 344 1028 1359
367 965 387 1024 b
412 968 453 1029 10
478 958 567 1044 (192,
587 960 619 1045 2)
642 987 678 1029 ex
701 966 856 1029 dialectiea
881 997 919 1009 -
944 959 981 1024 ἔκ
1000 983 1030 1024 τε
1052 972 1105 1048 τῆς
1128 959 1315 1048 ἀναλυτικῆς.
1349 966 1435 1027 Hanc

30 1120 31 1139 ,
150 1067 322 1131 varietatem
338 1078 366 1132 et
382 1091 425 1146 ea,
450 1092 526 1151 quae
541 1071 715 1134 Aristoteles
738 1093 829 1151 supra
845 1068 946 1152 (1356
963 1094 980 1133 a
997 1068 1052 1153 25)
1076 1073 1158 1147 dixit,
1183 1073 1345 1151 respiciens
1370 1093 1434 1151 pro·

151 1194 229 1253 pono
253 1177 504 1240 emendationem:
529 1171 549 1261 ἡ
572 1170 711 1261 ῥητορικὴ
734 1177 881 1255 σι’)γιειται
904 1178 957 1259 μέν
979 1173 1015 1239 έκ
1039 1197 1069 1237 τε
1091 1186 1145 1261 τῆς
1167 1174 1355 1263 διαλεκτικῆς
1377 1172 1434 1238 έπι-

148 1280 264 1364 (πήρης
279 1280 398 1364 καὶτῆς
413 1282 478 1362 περὶ
493 1283 530 1343 τὰ
544 1278 610 1367 ἤθη
625 1281 786 1368 πολιτικῆς,
803 1278 892 1365 ὁμοία
907 1281 933 1343 δ’
951 1278 1010 1344 ἐστὶ
1025 1285 1061 1345 τὰ
1077 1286 1130 1366 μέν
1145 1292 1180 1366 τῇ
1196 1280 1357 1366 ἀναλυτικῇ
1368 1282 1433 1347 κτλ.

259 1393 344 1454 1359
368 1390 388 1449 1)
412 1394 451 1455 21
478 1384 567 1468 (192,
586 1386 640 1471 15)
664 1393 760 1453 adhuc
783 1400 882 1453 autem
906 1401 942 1454 et
964 1394 1055 1453 de-
1075 1387 1116 1451 ἔτι
1137 1388 1170 1449 δέ
1191 1392 1266 1471 περί.

258 1499 384 1561 13591)
407 1503 448 1561 23
472 1492 561 1576 (192,
580 1493 634 1578 17)
658 1501 799 1560 debentes
819 1531 853 1540 -
873 1497 922 1557 τὸν
944 1494 1100 1579 μέλλοντα.
1125 1500 1245 1576 Legitne
1268 1496 1337 1566 τοὺς
1360 1491 1434 1579 με’λ-

147 1597 254 1672 λονιας
277 1611 309 1664 ut
333 1623 424 1682 supra
447 1593 474 1660 oi
496 1600 765 1684 οομβοολεθοντεςθ
1291 1596 1297 1607 '

257 1715 343 1776 1359
366 1712 386 1771 b
411 1716 451 1774 25
477 1705 565 1789 (192,
585 1712 638 1785 18)
662 1733 722 1773 non
746 1715 839 1774 male:
866 1714 942 1774 scire
965 1721 994 1773 et
1017 1713 1067 1791 qui
1096 1745 1129 1755 —-
1157 1703 1264 1771 εἰδένοι
1286 1711 1366 1778 τίνες.

257 1819 373 1882 13591)
387 1823 426 1882 27
445 1813 533 1896 (192,
548 1814 603 1899 20)
620 1820 739 1896 siquae
755 1822 922 1897 superfluae
937 1821 1108 1880 auferantur
1124 1826 1152 1879 et
1171 1820 1198 1879 si
1214 1839 1289 1897 quae
1306 1820 1433 1881 maiores

148 1925 281 1987 minores
297 1926 369 1987 fiant
388 1955 423 1967 -
443 1918 525 1992 εἴτις
539 1925 690 2003 περίεργος
705 1918 858 2008 ἀφαιρεθῇ
874 1923 927 1983 καὶ
946 1918 975 1982 ei'
993 1942 1034 1992 τις
1049 1923 1154 2004 μείζων
1169 1917 1296 1983 ἐλάττων
1311 1925 1434 2007 γένηται.

256 2032 377 2096 13591)
394 2035 434 2095 28
452 2026 541 2110 (192,
554 2025 608 2110 21)
632 2042 815 2110 apponentes
838 2034 876 2093 ad
899 2032 1057 2093 existentia
1073 2064 1112 2073 —
1122 2029 1197 2110 πρὸς
1212 2030 1248 2090 τὰ
1263 2022 1434 2113 ὑπάρχοντα

146 2134 361 2217 προστιθέντες.

255 2246 340 2307 1359
357 2244 377 2303 1)
393 2248 434 2307 35
460 2237 549 2321 (192,
568 2238 623 2323 27)
649 2244 712 2304 lore
739 2276 773 2286 -
800 2234 941 2323 ineptum
965 2245 1111 2322 interpres
1138 2244 1208 2321 legit
1230 2235 1371 2323 ὑπάρξειν.

256 2355 340 2415 1359
357 2353 377 2411 b
394 2355 433 2414 37
452 2343 540 2429 (192,
559 2345 615 2430 28)
640 2351 773 2428 proeliati
797 2360 866 2413 sunt
890 2352 956 2425 (sci.
974 2342 1002 2409 ot
1017 2347 1145 2422 πολῖται)
1164 2381 1202 2392 -
1220 2341 1433 2432 πεπολέμηκεν.

257 2462 341 2523 1359
365 2459 385 2518 1)
409 2463 450 2521 39
476 2450 564 2534 (193,
585 2452 616 2537 1)
639 2458 720 2520 dubii
744 2466 866 2520 eventus
894 2492 928 2500 -
956 2449 1097 2525 ἐπίδοξον,
1129 2456 1240 2518 invenit
1264 2475 1433 2533 perversam

147 2567 327 2645 scripturam
349 2554 523 2646 ἀμφίδοξονγ
553 2565 658 2626 deinde
681 2585 718 2625 ex
741 2565 837 2625 verbis
862 2580 994 2643 pacem
1016 2565 1184 2625 habeant
1207 2561 1338 2623 conicias
1363 2581 1431 2622 eum

147 2672 256 2749 legisse
278 2662 485 2751 elpuuetmmt.
520 2671 605 2731 Cous.
627 2662 672 2728 ἐπ’
690 2661 797 2737 αθτοῖς.

257 2782 341 2842 1363
366 2799 384 2838 a
409 2782 424 2841 1
452 2770 541 2856 (193,
560 2772 592 2856 2)
616 2777 709 2838 male:
735 2777 884 2854 potentiae
908 2808 948 2818 —
973 2776 1027 2844 τὰς
1049 2772 1195 2857 δυνάμεις.

257 2888 340 2947 1360
357 2890 410 2947 ((2
436 2877 524 2961 (193,
542 2876 575 2961 4)
599 2884 697 2944 ethis
721 2885 863 2945 excedere
886 2889 915 2944 et
939 2914 978 2924 -
1003 2880 1056 2943 καὶ
1078 2881 1169 2963 subtr)
1193 2879 1374 2941 πλεονεκτεῖν
1395 2876 1431 2964 ἤ;

146 2988 259 3051 invenit
274 2989 363 3066 igitur
378 2987 504 3066 rabina,
529 2992 608 3068 quod
622 2991 762 3051 librarius
779 2991 888 3069 aliquis
904 2991 1086 3051 semidoctus
1106 2992 1292 3067 excogitasse
1308 2991 1430 3051 videtur.
1489 3038 1494 3057 ,

256 3099 341 3161 1360
365 3118 383 3157 a
407 3101 447 3160 12
471 3092 559 3176 (193,
578 3091 632 3176 13)
663 3106 692 3157 el
715 3107 860 3174 quantum
891 3097 1000 3158 ibidem
1024 3098 1135 3158 iactum
1164 3107 1193 3158 et
1216 3105 1360 3175 quantum
1384 3099 1432 3158 ad·

146 3203 275 3271 docibile
291 3235 331 3246 -
348 3200 401 3262 καὶ
415 3201 485 3261 ποία
500 3195 520 3284 ἡ
536 3193 625 3262 airon
648 3204 765 3281 (QYZz
790 3195 909 3285 abacti)
933 3221 963 3260 τε
982 3202 1136 3283 γιγνομένη
1159 3201 1211 3260 καὶ
1231 3194 1432 3282 εἱςαγώγιμος.

148 3309 266 3388 Scripta
293 3309 381 3386 igitur
404 3319 488 3371 erant
515 3310 631 3370 ineius
656 3311 756 3370 codice
779 3312 897 3384 eadem,
928 3312 1056 3388 quaein
1081 3330 1174 3387 marg.
1192 3311 1244 3370 A⁰z
1280 3307 1332 3367 καὶ
1354 3308 1432 3390 πόση

146 3431 177 3474 τε
203 3407 366 3490 αθτόθεν*)
394 3408 530 3497 γινομένη
561 3414 614 3474 καὶ
642 3416 721 3497 πόση
748 3406 941 3499 εἰσαγώγιμος
972 3423 1095 3494 excepto
1125 3417 1263 3476 adverbio
1292 3407 1432 3488 αὐτόθεν;

147 3523 220 3584 mihi
236 3522 354 3601 quidem
370 3523 448 3583 euim
464 3524 586 3584 dubium
603 3543 662 3584 non
679 3530 733 3597 est,
747 3523 817 3601 quin
832 3498 936 3600 legerit
953 3514 1066 3597 αὐτόθι,
1081 3525 1160 3600 quod
1176 3523 1264 3595 QYZ
1282 3522 1430 3583 exhibent.

256 3632 341 3693 1360
365 3650 383 3690 a
408 3634 448 3693 14
480 3623 568 3709 (193,
595 3625 650 3710 14)
679 3631 756 3691 Mm
775 3630 814 3690 E:
846 3632 883 3690 ad
907 3630 980 3691 haec
1003 3630 1040 3707 (Y
1063 3627 1137 3708 πρὸς
1160 3623 1264 3702 ταῦτα)
1294 3661 1329 3671 -
1356 3629 1432 3689 ΑΰΖ

146 3732 221 3813 πρὸς
241 3732 361 3802 τοθτοις.
386 3735 555 3814 interpretis
577 3737 736 3798 lectionem
760 3738 785 3798 si
809 3736 946 3816 recipias,
972 3736 1111 3799 facillime
1133 3743 1290 3796 construas
1307 3737 1430 3796 verbum

147 3834 272 3899 δεῖσθαι

256 3952 341 4013 1369
357 3970 375 4009 a
393 3953 433 4012 26
449 3942 537 4026 (193,
557 3942 612 4029 25)
636 3956 665 4008 et
681 3948 918 4011 interminabitur
937 3944 982 4028 (m
998 3951 1037 4012 E:
1063 3943 1281 4028 terminabitur)
1299 3980 1339 3992 -
1356 3940 1431 4007 itote

147 4049 232 4120 τέλος
246 4047 316 4135 ἥξει
341 4056 533 4133 interpretem
555 4054 614 4115 alia
638 4074 673 4115 ac
696 4075 752 4115 nos
776 4056 885 4132 legisse
908 4058 1099 4118 manifestum
1115 4066 1177 4131 est;
1203 4056 1271 4134 quid
1295 4056 1322 4117 ei
1343 4056 1431 4116 Grae·

148 4178 216 4221 curn
240 4163 393 4238 exemplar
416 4162 656 4240 suppeditaverit,
680 4182 741 4223 non
763 4160 865 4239 liquet.

257 4404 284 4473 *)
304 4405 402 4459 Errore
427 4407 532 4471 ductus,
559 4407 666 4475 opinor,
693 4404 833 4460 contendit
857 4407 973 4476 Spengel
992 4408 1023 4469 11,
1043 4406 1078 4460 85
1104 4407 1131 4461 iu
1158 4422 1243 4473 marg.
1262 4406 1314 4476 legi
1333 4404 1432 4459 uirida.

148 4492 217 4548 Nam
236 4495 265 4549 in
287 4496 377 4566 priore
395 4496 485 4565 operis
504 4501 581 4566 parte
599 4502 640 4549 ter
658 4496 768 4567 scripsit
793 4492 900 4548 αὐτόθεν
918 4501 948 4551 ut
967 4497 1113 4551 bellemus·
