3442 5246
860 327 1075 399 ..ὀμ

356 608 360 613 Ι
437 533 520 595 1877
545 532 564 592 b
589 533 630 595 10
655 528 742 606 (238,
761 531 815 607 36)
845 532 934 596 Mm:
963 533 1189 612 quibuscunque
1211 527 1376 591 iuraveritis
1401 562 1439 573 -
1463 519 1504 595 οἷς
1526 517 1595 608 opt·
1693 534 1694 541 ’

327 652 430 706 σαντες
445 634 583 708 δικάζετε,
608 641 660 702 sed
676 639 774 713 QYZ:
799 632 842 708 οἷς
858 632 893 700 ἂν
909 632 1069 722 ὀμόσαντες
1084 634 1231 720 δικάσητε.
1252 637 1446 698 Scribendum
1461 637 1594 697 fortasse:

328 745 504 809 iurantes
528 746 812 815 iudicaveritis

434 852 478 913 Ex
507 852 563 914 hac
596 853 756 913 lectionum
785 855 934 915 variarum
965 853 1040 915 serie
1063 859 1091 913 et
1114 873 1150 915 ex
1173 853 1219 925 iis,
1251 871 1326 928 quac
1356 870 1446 927 supra
1469 847 1596 926 exposui,

327 960 423 1020 elucet
445 959 597 1034 familiam,
622 979 698 1038 quae
721 966 836 1025 vetusta
851 960 1043 1022 translatione
1062 960 1147 1019 nobis
1164 966 1280 1020 servata
1296 966 1349 1030 est,
1375 978 1392 1018 a
1407 956 1520 1017 duabus
1537 954 1598 1014 aliis

326 1067 411 1126 valde
434 1065 558 1140 differre,
588 1067 684 1143 inagis
714 1068 774 1128 fere
803 1088 893 1145 quam
915 1069 954 1128 Αὓ
978 1089 995 1129 a
1024 1067 1234 1127 recentioribus
1258 1064 1418 1125 codicibus
1464 1063 1598 1121 Videmus

326 1186 444 1251 quoqne
467 1173 576 1232 librum
592 1172 761 1250 interpretis
777 1181 806 1234 et
821 1174 863 1234 illi
879 1158 982 1248 codici,
1001 1194 1044 1254 =eu
1061 1193 1119 1251 quo
1135 1175 1295 1233 nonnullae
1311 1172 1452 1232 lectiones
1469 1174 1601 1245 sumptae

326 1287 355 1339 et
377 1281 504 1356 margini
526 1280 565 1340 A⁰
588 1280 735 1358 ascriptae
759 1287 836 1355 sunt,
862 1281 1046 1341 simillimum
1073 1301 1140 1341 esse
1163 1288 1192 1340 et
1219 1282 1256 1341 ab
1281 1279 1351 1339 illo-
1368 1277 1515 1355 exemplo,
1545 1292 1600 1350 quo

327 1385 503 1446 scholiastes
529 1387 686 1464 praecipue
708 1388 808 1460 utitur,
833 1385 932 1447 minus
957 1408 1046 1464 quam
1063 1395 1175 1448 ceteros
1192 1385 1307 1446 codices
1325 1384 1496 1456 dissentire3
1521 1381 1603 1440 inter·

326 1493 397 1552 dum
420 1493 498 1553 euim
522 1512 623 1555 earum
647 1494 815 1568 lectionum,
847 1515 921 1571 quas
951 1494 1126 1554 scholiastes
1156 1493 1241 1553 uobis
1273 1491 1458 1573 suppeditans·
1476 1488 1605 1571 insola

326 1600 519 1660 translatione
534 1608 653 1661 exstant
675 1600 805 1676 vestigia,
828 1602 909 1660 velut
928 1598 1000 1660 illud
1016 1598 1251 1679 πρακτικώτερος
1275 1592 1318 1677 (in
1341 1597 1407 1658 aliis
1431 1587 1606 1674 operosior).

326 1707 500 1767 Lectionum
523 1695 622 1767 autem
645 1708 812 1784 interpretis
838 1708 1023 1784 propriarum
1047 1707 1122 1768 aliae
1144 1704 1223 1767 haud
1246 1705 1334 1766 dubie
1355 1706 1535 1781 depravatae
1559 1708 1608 1762 aut

326 1815 529 1893 interpolatae,
554 1815 630 1875 aliae
652 1833 712 1873 non
736 1814 853 1891 penitus
882 1815 1088 1890 neglegendae,
1120 1813 1195 1874 aliae
1226 1833 1336 1889 eaeque
1360 1831 1420 1871 non
1454 1811 1495 1872 ita
1518 1828 1607 1893 ‚garae

326 1921 493 2005 primariae.
528 1920 769 1993 Melibremsane
784 1920 902 1996 quidem
918 1921 1129 1994 recensionem,
1155 1940 1244 1997 quam
1260 1919 1382 1995 quaein
1398 1916 1610 2012 antiquispimo

327 2021 428 2088 codice
441 2016 556 2099 ¹exstat,
581 2026 781 2103 interpretatio
798 2047 858 2087 non
874 2028 1000 2088 exhibet.
1040 2028 1092 2086 llle
1108 2028 1267 2104 archetypo
1284 2026 1440 2102 proximus
1457 1984 1514 2107 giiii
1530 2018 1610 2083 ‘Suo

326 2133 415 2209 igitur
438 2133 501 2195 iure
516 2133 644 2211 Spengel
662 2135 699 2195 ad
721 2136 810 2194 verba
833 2134 1002 2212 philosophi
1018 2136 1199 2197 enucleanda
1215 2135 1345 2194 codicem
1362 2132 1401 2192 Αο
1419 2131 1614 2210 potissimum

327 2240 468 2301 adhibuit.
506 2240 801 2318 Sed-nonnunquam
828 2273 862 2282 -
891 2242 978 2304 liceat
1000 2242 1073 2302 mihi
1096 2243 1125 2302 id
1149 2261 1269 2303 monere
1289 2272 1323 2281 —
1343 2241 1386 2299 vir
1403 2236 1613 2301 constantissi·

329 2367 396 2409 mus
413 2348 504 2409 nimia
528 2347 694 2408 constantia
719 2347 825 2425 spretis
850 2348 915 2408 aliis
940 2349 1063 2410 testibus
1087 2369 1154 2409 eum
1179 2356 1298 2409 secutus
1315 2367 1381 2408 esse
1396 2347 1473 2409 mihi
1491 2346 1613 2419 videtur,

328 2457 406 2515 velut
430 2458 515 2518 1409
536 2457 555 2516 b
580 2459 621 2523 20
645 2446 724 2533 ὅροι),
751 2457 787 2515 ad
812 2475 899 2532 quem
923 2457 1022 2517 locum
1037 2457 1127 2516 etiam
1142 2458 1285 2533 Hayduolr
1308 2456 1509 2530 (Fleckeisen,
1535 2455 1615 2516 Jahr-

325 2563 437 2625 bdcher
463 2562 559 2635 1875)
584 2564 704 2622 adnotat
728 2552 795 2640 ὅρον
819 2562 920 2622 sensui
943 2582 1010 2624 esse
1033 2563 1141 2641 aptius.

433 2668 556 2726 Talibus
581 2667 654 2726 locis
678 2669 725 2727 lex
750 2668 800 2727 illa
824 2672 968 2729 servanda
991 2676 1050 2730 cst:
1076 2669 1108 2730 Si
1124 2669 1211 2730 trium
1229 2669 1358 2742 testium,
1383 2670 1436 2746 qui
1454 2690 1495 2731 ex
1512 2669 1618 2730 eodem

253 2842 256 2846 Α
327 2775 415 2846 tonte,
441 2773 633 2849 archetypum
649 2772 725 2841 dico,
750 2774 922 2848 hauserunt,
947 2776 1099 2837 duo'idem
1116 2758 1266 2853 praebent,
1289 2775 1468 2837 auctoritate
1487 2777 1617 2855 plerum·

328 2900 385 2957 que
409 2881 476 2957 plus
501 2881 597 2939 valent
621 2857 714 2956 quam¹
734 2881 848 2944 tertius.
888 2883 1080 2942 Verumenim
1101 2884 1151 2942 uni
1175 2904 1211 2943 ex
1235 2881 1338 2955 tribus,
1364 2890 1506 2945 vetustae
1530 2881 1620 2943 versi·

327 2986 386 3059 oni,
412 3004 514 3063 parem
538 2987 626 3046 fidem
649 2993 737 3064 atque
761 2988 865 3047 ceteris
889 2989 997 3056 habere
1012 3009 1072 3050 non
1089 3010 1265 3066 possumus3
1289 3011 1360 3050 narn
1376 2989 1513 3059 nimium
1530 2970 1623 3067 quan·

328 3100 391 3154 tum
414 3093 527 3153 incerta
550 3099 594 3153 est
618 3112 686 3152 cum
709 3093 826 3153 inscitia
847 3094 1024 3173 interpretis
1050 3096 1100 3173 qui
1124 3116 1231 3174 purum
1254 3093 1289 3156 ao
1313 3096 1469 3173 sincerum
1488 3098 1627 3158 Graecae

327 3201 469 3261 orationis
494 3203 604 3261 flumen
628 3201 896 3276 vehementissime,
928 3211 960 3263 ut
984 3203 1025 3264 ita
1048 3204 1154 3277 dicam,
1181 3203 1339 3287 turbaverit
1368 3222 1403 3263 ac
1437 3223 1536 3283 saepe
1571 3222 1625 3282 pro

322 3308 422 3369 verbis
439 3315 576 3387 portenta
591 3310 676 3369 nobis
693 3309 919 3385 obiecerit,·tum
936 3312 1120 3388 neglegentia
1136 3312 1332 3390 librariorum,
1358 3310 1408 3388 qui
1424 3312 1627 3390 inquinatam

325 3415 389 3477 cius
420 3415 610 3477 Latinitatem
640 3417 729 3476 etiam
758 3418 853 3492 magis
886 3419 1123 3479 deformaverunt
1152 3438 1187 3478 ao
1215 3420 1461 3489 depravaverunt.
1519 3420 1630 3491 ltaque

321 3522 468 3600 quoniam
484 3531 599 3605 praeter
615 3541 664 3583 eos
681 3523 808 3602 codices,
831 3543 905 3600 quos
921 3525 1048 3601 Spengel
1065 3531 1093 3584 et
1109 3544 1162 3600 ego
1179 3526 1367 3598 contulimus,
1382 3525 1433 3585 alii
1452 3526 1626 3598 exstant*),

326 3630 517 3707 manifestum
547 3636 592 3690 est
623 3649 682 3690 non
711 3628 800 3690 licere
827 3630 874 3691 his
898 3631 1096 3708 acquiescere,
1127 3633 1179 3692 sed
1208 3632 1297 3692 etiam
1321 3632 1388 3693 illos
1412 3651 1487 3694 esse
1515 3650 1631 3695 consu·

323 3738 440 3808 lendos,
488 3736 573 3811 Quod
597 3736 621 3797 si
638 3738 696 3811 fiet,
721 3737 814 3797 multo
830 3737 937 3797 melius
954 3744 1042 3814 atque
1057 3739 1166 3798 certius
1183 3759 1273 3816 quam
1289 3738 1469 3800 coniecturis
1489 3741 1632 3817 genuina

327 3843 532 3905 translationis
563 3843 659 3904 forma
689 3844 941 3920 redintegrabitur,
974 3851 1007 3904 ut
1036 3847 1154 3905 tandem
1182 3846 1294 3906 maiore
1324 3865 1393 3906 cum
1422 3846 1487 3907 fide
1522 3868 1563 3909 ea
1588 3846 1634 3909 uti

331 3950 492 4029 possimus.
538 3949 636 4027 Atque
658 3950 715 4011 hoc
739 3950 908 4030 proximum
931 3971 1032 4011 meum
1055 3952 1110 4012 erit
1132 3972 1250 4012 munus.
1693 3960 1694 4045 t

390 4182 401 4221 t
435 4138 534 4219 *i'Ubi
552 4155 628 4193 nunc
646 4138 684 4193 illi
703 4140 809 4194 codices
828 4145 899 4204 sunt,
919 4141 965 4210 qui
979 4140 1147 4210 temporibus
1160 4141 1305 4196 Schraderi
1321 4141 1350 4195 in
1363 4143 1544 4198 bibliotheca
1559 4143 1636 4198 Aca·

327 4230 432 4288 demiae
450 4224 678 4282 Hel'mstadiensis
697 4228 926 4284 asservabantur?

758 4407 1181 4421 a—-m-——ae—v--vw--n-v--a--v—
