3442 5246
24 698 28 839 l

655 340 871 409 ..41-

231 544 287 607 His
311 540 578 617 emendationibus,
612 540 720 622 quibus
743 540 931 604 librariorum
955 539 1139 603 incuriosum
1162 559 1255 620 genus
1278 559 1405 618 magnae

122 652 326 734 neglegentiae
349 650 491 724 incusavi,
516 650 654 729 adiungo,
678 671 715 711 ne
738 669 790 712 eos
813 650 895 712 omni
917 651 974 712 lide
996 649 1118 729 privem,
1142 650 1289 728 quosdam
1310 651 1403 724 locos,

123 782 200 843 quos
224 762 262 822 ab
286 760 323 820 iis
346 761 522 835 depravatos
546 777 613 818 esse
636 758 722 819 facile
744 757 884 836 opineris.
921 757 1002 818 Adeo
1022 763 1091 817 sunt
1107 755 1174 817 miri
1190 764 1219 817 et
1235 757 1403 834 suspiciosi.

122 868 243 945 Legitur
266 865 347 928 cuim
371 884 400 942 p.
426 867 511 928 1354
534 885 552 925 a
577 867 617 928 16
641 857 803 943 (178,17)
826 857 950 945 διαβολή
975 895 1014 905 -
1040 864 1209 924 commotio.
1249 861 1404 925 Desideras

121 973 250 1037 forsitan
273 971 505 1046 criminatio,
529 990 599 1032 cum
622 971 770 1032 sexcentis
793 972 867 1032 locis
886 972 1032 1033 Graecum
1048 972 1169 1032 verbum
1193 969 1234 1032 ita
1257 972 1404 1034 redditum

121 1082 172 1144 sit.
197 1078 267 1140 Tali
290 1077 421 1155 opinioni
444 1096 498 1154 ego
522 1097 581 1138 non
605 1077 761 1150 assentiar,
786 1080 838 1139 sed
861 1078 953 1139 alium
975 1076 1049 1138 mihi
1073 1076 1281 1153 gravissimum
1303 1079 1403 1139 locum

23 1172 24 1175 ‘
122 1190 243 1251 uuum
259 1178 360 1263 (1415
377 1186 396 1246 u
414 1188 453 1249 18
472 1203 514 1239 =
531 1188 605 1258 aco,
624 1187 679 1248 11:
702 1182 807 1251 πάντες
830 1182 887 1263 γὰρ
909 1175 1138 1263 (διαβάλλουσι
1152 1215 1190 1227 -
1205 1204 1309 1246 omnes
1325 1186 1404 1248 enim

21 1822 24 1917 l

127 1304 178 1358 aut
192 1285 392 1371 commovent)
417 1299 445 1353 et
465 1298 606 1371 repetam,
626 1292 706 1368 quod
727 1291 907 1369 supradixi,
933 1290 1123 1369 interpretem
1140 1291 1190 1352 tali
1213 1295 1300 1353 modo
1316 1293 1405 1354 rerba

129 1402 238 1463 variare
260 1399 390 1461 studere.
438 1398 579 1460 Similiter
608 1399 732 1459 delendo
760 1399 839 1459 hunc
861 1399 976 1458 locum:
1008 1401 1092 1462 1373
1117 1420 1136 1459 a
1158 1402 1199 1460 35
1233 1391 1321 1477 (228,
1348 1399 1403 1483 14)

134 1502 281 1589 pumicem
304 1537 345 1547 -
372 1526 473 1566 amare
496 1505 718 1583 placitationes3
742 1504 772 1566 M
795 1505 913 1565 exhibet
937 1503 1144 1582 plantationes.
1191 1505 1326 1582 Namque
1349 1508 1404 1568 etsi

145 1612 224 1688 apud⁴
238 1631 295 1672 eum
320 1612 534 1689 placitatio
556 1611 605 1672 vix
628 1630 687 1672 uno
710 1613 777 1673 loco
803 1611 958 1683 iuvenitur,
982 1618 1013 1670 at
1035 1610 1149 1670 Graeca
1171 1612 1268 1683 verba,
1298 1613 1406 1689 quibus

144 1717 183 1777 ris
197 1718 320 1779 certandi
335 1726 390 1792 est,
408 1720 582 1796 plerumque
597 1718 693 1779 verbis
716 1718 891 1794 litigare,
907 1716 974 1791 lis,
992 1716 1180 1793 litigatio,
1198 1716 1404 1794 litigiosus

132 1824 294 1899 redduntur,
319 1846 378 1886 non
403 1833 457 1899 est,
482 1845 535 1886 cur
558 1833 669 1899 mutes3
693 1845 764 1886 nam
787 1823 998 1902 placitatio
1022 1823 1213 1887 aLatinitate
1234 1825 1322 1887 medii
1340 1827 1403 1888 aevi

21 1924 22 2007 J
130 1950 187 1992 non
210 1925 392 2011 abhorret.*)

229 2039 322 2100 Multo
345 2039 435 2099 etiam
459 2038 673 2117 suspiciosiora
696 2039 769 2100 haec
793 2060 859 2100 esse
882 2040 1030 2105 ridentur:
1057 2044 1142 2105 1379
1163 2044 1218 2106 b8
1243 2036 1331 2120 (243,
1347 2038 1403 2125 29)

20 2204 21 2209 ,
124 2149 317 2226 καταφρονεῖν
337 2142 395 2224 γὰρ
423 2143 527 2212 πάντες
554 2135 582 2203 οἱ
603 2149 725 2204 τοιοῦτοι
754 2136 919 2226 φαίνονται,
948 2143 1001 2204 καὶ
1023 2136 1051 2204 oi
1077 2145 1130 2226 μὲν
1153 2139 1194 2216 ὡς
1221 2141 1405 2230 babucum!

123 2243 210 2318 δ’ὡς
225 2255 295 2330 παρ’
312 2243 437 2332 proruo
454 2283 494 2292 —-
511 2252 663 2330 despicere
686 2252 764 2312 enim
788 2271 891 2313 omnes
915 2255 990 2314 tales
1013 2254 1156 2328 videntur,
1180 2263 1210 2316 et
1231 2256 1262 2315 hi
1286 2258 1404 2334 quidem

121 2366 157 2419 ut
179 2357 325 2432 minoreS,
354 2359 384 2418 hi
408 2366 507 2419 autem
529 2367 562 2419 ut
584 2359 806 2436 comparatione
836 2359 976 2421 minores.
1023 2361 1081 2421 Sed
1108 2364 1404 2440 comparatione

122 2485 215 2527 manu
245 2465 413 2544 interpretis
444 2466 588 2544 scriptum
619 2486 685 2528 esse
708 2467 843 2528 firmatur
864 2468 931 2527 loco
961 2467 1070 2545 pariter
1094 2470 1250 2533 translato:
1278 2476 1363 2536 1884
1387 2494 1404 2534 a

122 2575 271 2649 uotam,
290 2568 345 2650 16)
367 2568 557 2652 θαυμάζουσι
579 2570 698 2641 τοὺτους
774 2578 844 2652 παρ’
869 2565 909 2631 ὧν
931 2574 1107 2679 τυγχάνουσι
1133 2570 1265 2656 δεόμενοι
1288 2573 1403 2661 σφόδρα

19 2702 21 2759 ff
120 2664 198 2745 τιν’ός
215 2711 254 2721 -
272 2679 417 2740 mirantur
440 2681 519 2744 hos.
539 2730 545 2744 .
564 2725 572 2740 .
590 2681 812 2758 comparatione
836 2700 962 2758 quorum
985 2683 1116 2743 existunt
1139 2683 1303 2760 indigentes
1319 2686 1403 2746 valde

120 2786 232 2862 aliquo.
267 2786 343 2846 Cum
366 2787 413 2847 his
437 2786 574 2848 absurdis
598 2786 889 2865 interpretationibus
911 2787 1000 2848 velim
1023 2789 1158 2850 conferas
1181 2790 1261 2849 hunc
1285 2809 1402 2868 quoque

120 2893 237 2954 locum:
275 2897 358 2957 1409
382 2894 401 2954 b
425 2898 466 2956 36
490 2886 578 2971 (316,
604 2888 658 2973 17)
686 2886 866 2975 ἀντικειμένη
889 2888 934 2963 δέ,
957 2884 987 2951 ἐν
1009 2885 1030 2971 ᾗ
1052 2886 1183 2974 ἑκατέρῳ
1206 2900 1246 2973 τῷ
1269 2887 1402 2976 adipi)

119 2995 198 3077 πρὸς
227 2989 344 3077 ἐναντίῳ
369 2990 494 3066 ἐναντίος
523 2997 669 3077 obruerem
692 3031 732 3042 —
757 3000 983 3078 oppositionalis
1014 3008 1123 3074 autem,
1151 3001 1181 3062 in
1204 3022 1264 3080 qua
1287 3003 1403 3082 utrique

121 3107 191 3167 colo
215 3112 267 3168 aut
289 3116 513 3184 respectum
536 3108 675 3169 contrarii
700 3108 880 3169 contrarium
904 3106 1101 3185 componitur.

233 3214 292 3274 Sed
315 3214 388 3276 haec
411 3216 572 3287 hactenus;
597 3235 634 3275 ne
657 3216 787 3291 legentes
811 3234 918 3287 morer,
944 3233 1023 3274 nunc
1046 3214 1167 3274 tandem
1191 3215 1228 3275 ad
1251 3215 1281 3274 id
1304 3233 1404 3291 aggre-

124 3322 201 3395 dior,
227 3321 306 3399 quod
328 3341 377 3381 me
399 3322 671 3382 demonstraturum
701 3341 768 3381 esse
797 3321 827 3382 in
855 3323 950 3382 fronte
973 3320 1061 3380 huius
1090 3321 1227 3398 opusculi
1250 3322 1403 3398 professus

121 3447 201 3489 sum.
225 3420 327 3506 Atque
343 3428 473 3505 primum
489 3427 666 3489 rhetoricam
682 3428 797 3488 duabus
810 3427 945 3488 codicum
961 3427 1091 3502 familiia,
1108 3446 1234 3505 quorum
1250 3427 1402 3489 meliorem

127 3534 331 3595 recensionem
355 3535 448 3595 codex
460 3526 519 3608 A0,
543 3535 718 3595 deteriorem
734 3533 826 3607 QYZ
850 3534 899 3594 alii
923 3534 1071 3606 exhibent,
1096 3535 1133 3594 ad
1156 3553 1211 3593 nos
1235 3535 1404 3612 pervenisse

129 3647 250 3701 conslat.
290 3640 373 3713 Quae
396 3659 465 3700 cum
489 3640 530 3701 ila
553 3641 621 3714 sint,
647 3641 708 3701 lieri
725 3648 832 3717 potest,
858 3648 891 3700 ut
906 3648 1022 3701 vetusta
1037 3639 1192 3701 translatio
1208 3647 1259 3701 aut
1275 3641 1404 3703 familiae

123 3746 235 3806 codicis
257 3745 296 3806 Αο
318 3745 493 3817 ascribenda
516 3746 564 3818 sit,
588 3754 639 3807 aut
662 3748 699 3807 ad
723 3747 865 3808 familiam
888 3747 1067 3807 deteriorum
1090 3747 1226 3807 codicum
1249 3748 1402 3825 pertineat.

119 3851 187 3912 Hoc
212 3870 330 3929 quoque
352 3852 460 3929 aliquis
483 3853 591 3930 cogitet
614 3833 804 3931 interpretem
827 3852 959 3913 codicem
983 3861 1124 3914 nanctum
1148 3872 1224 3926 esse,
1253 3872 1270 3914 e
1293 3873 1351 3932 quo
1374 3863 1403 3916 et

119 3957 344 4018 vetustissimus
374 3961 467 4020 codex
499 3966 528 4020 et
557 3960 736 4021 recentiores
768 3968 872 4036 postea
905 3961 1063 4024 lluxerunt.
1116 3960 1250 4038 Denique
1279 3980 1316 4020 ne
1345 3961 1402 4021 hoc

116 4065 241 4141 quidem
266 4065 413 4143 suspicari
442 4065 576 4143 ineptum
604 4073 650 4126 est
673 4065 805 4126 codicem
828 4065 996 4145 interpretis
1025 4069 1179 4129 eduabus
1203 4066 1322 4128 familiis
1346 4068 1404 4128 col-

116 4169 189 4230 latis
210 4188 278 4229 esse
301 4171 510 4248 compositum.
556 4172 660 4249 ipsum
682 4172 872 4249 interpretem
896 4173 1047 4235 codicibus
1075 4175 1202 4234 duarum
1224 4173 1403 4235 familiarum

116 4276 304 4351 comparatis
328 4296 435 4338 novam
451 4279 657 4340 recensionem
673 4278 825 4340 fecisseid
841 4279 971 4358 Spengel
994 4301 1048 4342 suo
1072 4281 1135 4342 iure
1150 4288 1247 4358 negat.
1287 4280 1401 4342 Etenim

200 4378 211 4383 “
231 4410 257 4477 *l
278 4413 378 4467 Confer
396 4416 439 4469 Du
457 4416 562 4485 Gange:
588 4416 773 4472 placitare:
791 4417 904 4486 litigare,
929 4417 977 4474 lite
1004 4421 1184 4488 contendere,
1210 4418 1349 4492 placitatio
1367 4435 1403 4467 ==

116 4500 185 4571 ipsa
203 4500 275 4554 actio
294 4502 450 4571 placitandi.
