3442 5246
274 538 294 632 ἢ
318 538 346 608 οἱ
367 545 511 628 κρίνοντες
533 540 621 632 hoii<
642 538 719 610 οὑτοι
740 547 893 630 κρίνοοοιν.
919 549 1064 629 Suspicor
1079 569 1148 611 eum
1168 568 1222 628 pro
1238 547 1392 629 participio
1410 547 1554 629 κρίνοντες

230 640 245 667 ’
274 654 422 718 invenisse
444 654 612 737 κρείττονες,
637 676 712 734 quae
734 658 821 718 lectio
844 677 904 718 non
927 658 969 719 ita
992 655 1092 736 inepta
1114 665 1168 721 est.

384 768 468 827 1365
493 784 511 824 a
535 767 551 826 7
578 763 664 837 (206,
682 763 715 837 8)
739 763 853 824 maiora
879 796 916 806 -
942 761 1031 843 μείζω
1054 754 1203 829 ιὺοαὺτως.
1321 791 1326 801 -

383 873 466 935 1865
491 890 509 930 a
534 874 573 934 10
598 870 685 944 (206,
705 871 758 944 10)
784 878 881 948 partes
907 902 945 914 -
970 869 1008 928 τά
1031 870 1107 951 μέρη
1129 868 1166 928 τὰ
1189 861 1274 931 αὑτά.
1371 875 1374 880 “
1428 874 1434 886 ·

382 978 497 1040 13653
516 981 554 1041 11
574 977 660 1050 (206,
680 975 734 1051 11)
758 997 810 1055 per
830 979 916 1055 plura
932 976 1011 1038 enim
1032 978 1146 1039 excedit
1161 986 1212 1039 aut
1227 977 1342 1038 videtur
1360 1008 1396 1020 -
1414 973 1555 1036 πλειόνων

273 1080 330 1162 γὰρ
353 1073 505 1165 ὑπερέχειν
528 1080 668 1165 φαίνεται,
692 1085 744 1144 sed
759 1083 798 1144 Αο
818 1086 897 1162 apud
912 1083 1020 1145 Victor.
1045 1100 1089 1163 γρ.
1106 1074 1242 1165 ὑπερέχει
1264 1075 1284 1164 ἢ
1305 1065 1444 1166 μαίνεται,
1467 1085 1555 1145 inter·

274 1209 359 1268 pres:
383 1184 432 1247 διά
453 1188 511 1269 γάρ
534 1184 674 1248 πλειόνων
696 1180 833 1271 ὑπερέχει
854 1183 874 1271 ἢ
898 1189 1036 1272 μαίνεται.

301 1332 308 1339 -
385 1301 469 1360 1365
494 1317 512 1357 a
537 1300 576 1360 12
602 1288 690 1376 (206,
711 1292 764 1377 12)
789 1299 950 1375 persuades
978 1330 1012 1339 -
1040 1301 1144 1357 πεῖσαι.
1270 1336 1283 1361 .

383 1407 467 1467 1365
492 1425 510 1464 a
535 1407 573 1467 18
600 1396 687 1482 (206,
708 1400 762 1482 17)
784 1406 835 1465 dat
858 1395 982 1485 (δίδωσι)
1007 1434 1044 1446 -
1070 1400 1203 1463 δείκνοοι.
1346 1464 1349 1471 ,

384 1515 468 1574 1365
493 1532 510 1571 a
535 1516 575 1574 22
608 1502 696 1586 (206,
715 1506 769 1588 21)
802 1518 830 1571 et
857 1518 908 1571 aut
936 1511 979 1571 sic
1003 1543 1044 1552 -
1068 1507 1120 1568 καὶ
1146 1502 1171 1568 εἰ
1197 1502 1303 1580 οὑτως;
1332 1528 1352 1592 η
1376 1516 1405 1571 et
1427 1528 1452 1570 ει
1475 1513 1554 1589 apud

274 1615 464 1696 interpretem
487 1638 576 1695 saepe
599 1619 827 1679 confunduntur.
856 1617 967 1678 Deinde
992 1637 1051 1678 non
1081 1619 1158 1679 male
1181 1619 1210 1679 M
1231 1638 1277 1679 m:
1302 1618 1421 1680 habebit
1446 1638 1554 1680 unum·

274 1726 414 1803 quodque
437 1717 585 1805 (ἕκαστον)
610 1724 852 1800 magnitudinem.

382 1836 465 1894 1365
491 1852 509 1891 a
532 1835 573 1893 23
599 1824 687 1907 (206,
706 1827 764 1905 21)
788 1837 817 1890 εί
832 1833 978 1892 bonorum
995 1839 1024 1892 et
1040 1831 1231 1909 pulchrorum
1251 1862 1287 1873 -
1305 1828 1357 1888 καὶ
1379 1824 1482 1889 καλῶν
1502 1827 1556 1888 καὶ

273 1930 407 2013 ἀγαθῶν.
1551 1930 1554 1940 ’

381 2046 465 2105 1365
482 2063 499 2102 a
517 2047 558 2106 24
582 2037 671 2120 (206,
690 2039 746 2124 23)
769 2045 799 2105 Μ
814 2065 860 2105 m:
886 2044 1040 2122 inscriptio
1063 2045 1142 2105 facta
1160 2075 1197 2086 -
1215 2041 1248 2101 τὸ
1271 2035 1452 2125 ἐπίγραμμα.
1485 2045 1551 2122 Epi·

273 2168 407 2226 gramma
430 2149 548 2210 exhibet
571 2149 716 2229 interpres
740 2159 772 2212 ut
795 2171 888 2228 marg.
906 2152 953 2212 11⁰.
982 2151 1090 2211 Confer
1114 2171 1205 2229 supra
1228 2171 1257 2229 p.
1272 2154 1323 2213 38.

382 2259 465 2320 1365
491 2277 508 2316 a
533 2262 572 2320 35
598 2259 686 2335 (207,
706 2254 738 2338 5)
762 2259 792 2318 Μ
809 2279 838 2318 m
851 2259 887 2319 V:
913 2267 942 2319 et
965 2260 1044 2336 quod
1067 2259 1125 2337 ipsi
1149 2251 1191 2338 (M
1213 2252 1325 2337 ipsam)
1349 2264 1406 2318 est
1429 2257 1555 2318 maius

274 2351 448 2441 simpliciter
473 2396 511 2405 -
537 2361 589 2422 κοιί
612 2370 652 2443 τῷ
675 2357 754 2443 αὑτῷ
778 2363 829 2423 καὶ
852 2358 963 2434 ἁπλῶς.

382 2475 466 2534 1865
490 2474 508 2533 b
533 2477 552 2534 3
577 2467 739 2551 (207,11)
764 2492 815 2532 om
837 2474 926 2547 verba
949 2470 982 2530 τὸ
1005 2471 1058 2551 μὲν
1080 2464 1350 2552 γὰρ...ἑλέοθοιι

381 2580 465 2654 1365
484 2579 502 2637 b
520 2580 559 2641 12
579 2571 666 2655 (207,
686 2573 740 2659 19)
764 2579 935 2639 excedit-
953 2569 1087 2659 ὑπάρχει.
1111 2579 1194 2655 Legit
1212 2569 1350 2659 ὑπερέχει
1365 2587 1397 2641 ut
1413 2599 1489 2643 corr.
1504 2579 1554 2641 Aa

382 2685 465 2747 1368
483 2684 501 2743 b
520 2687 561 2746 14
585 2677 674 2760 (207,
693 2677 749 2764 21)
774 2703 864 2761 quam
888 2704 963 2762 quae
985 2687 1078 2746 latent
1095 2677 1172 2766 -ἢ
1196 2680 1360 2744 λανθάνειν.
1390 2687 1441 2748 llle
1464 2685 1554 2763 igitur

274 2789 440 2850 rectissime
462 2780 482 2869 ἢ
506 2784 527 2847 ἃ
550 2784 693 2847 λανθάνει
716 2810 784 2851 cum
808 2791 842 2863 Q.

383 2900 466 2959 1365
490 2897 510 2955 b
536 2900 575 2958 15
601 2888 689 2974 (207,
709 2892 763 2977 21)
786 2899 909 2959 tendunt
934 2891 1041 2978 (τείνει)
1069 2899 1187 2959 exhibet
1210 2898 1330 2976 interpr.
1356 2905 1435 2959 recte
1460 2931 1500 2941 --
1526 2905 1557 2960 at

274 3003 312 3062 Αο
327 3002 400 3063 YZ:
425 3018 484 3077 τινι,
509 3003 535 3075 Q
557 3018 628 3061 τινα.

382 3111 502 3185 13651)
521 3114 560 3173 19
587 3104 674 3188 (207,
693 3106 748 3191 25)
773 3112 961 3188 singulariter
984 3114 1117 3173 ablatum
1140 3119 1242 3173 est-
1268 3105 1428 3194 ἀφῄρηται.
1453 3113 1555 3177 Morel.

274 3217 424 3278 contendit
447 3217 519 3277 illud
543 3218 803 3295 singulariter
826 3221 1005 3297 respondere
1029 3220 1141 3280 Graeco
1165 3219 1302 3280 adverbio
1327 3217 1432 3299 μόνως,
1462 3220 1555 3281 libros

276 3344 403 3386 excusos
428 3332 527 3385 autem
550 3333 701 3402 praestare
724 3325 820 3405 μόνον.
867 3325 988 3388 Rectius
1013 3328 1064 3405 Sp.
1089 3327 1259 3404 suspicatur
1281 3326 1471 3403 interpretem
1493 3318 1554 3404 ἰδίορ

273 3431 431 3492 invenisse.
469 3429 533 3491 Nisi
556 3431 587 3491 in
610 3452 696 3492 versu
718 3437 758 3496 23
783 3434 896 3494 Graeco
919 3436 1062 3496 vocabulo
1086 3426 1237 3515 ἀγαπητόν
1261 3434 1360 3494 solum
1383 3434 1556 3495 amabile

273 3539 473 3615 responderet,
490 3538 618 3598 dicerem
633 3538 823 3615 interpretem
839 3539 883 3613 (ut
899 3540 1060 3601 Muretum:
1079 3541 1157 3617 quod
1173 3559 1318 3601 unumne
1334 3541 1432 3600 solum
1448 3560 1553 3601 carum

273 3640 413 3725 habebat)
438 3644 614 3705 adiectivum
638 3645 734 3705 verbis
758 3645 1013 3722 singulariter
1036 3648 1201 3709 amabile
1224 3648 1356 3709 vertisse.

842 3823 939 3902 Caput
963 3828 992 3888 8.

385 3968 469 4027 1365
487 3966 506 4025 b
523 3966 561 4028 31
581 3965 668 4039 (208,
688 3966 741 4039 11)
766 3966 836 4044 quid
852 3966 954 4045 utique
976 3967 1031 4027 erit
1055 4000 1094 4009 —
1120 3968 1159 4026 Αο
1181 3960 1207 4024 τί
1229 3958 1304 4026 ἐστιν
1327 3959 1362 4026 ἂν
1385 3958 1421 4030 εἰ.
1454 3967 1552 4041 QYZ:

274 4063 309 4130 ἂν
332 4063 389 4152 εἴη.
418 4071 582 4149 'lnterpres
606 4072 709 4149 igitur:
740 4090 766 4130 τι
788 4065 823 4130 to
846 4066 901 4155 εἴη,
926 4082 958 4135 ut
982 4094 1041 4137 sec.
1066 4094 1173 4135 manus
1197 4075 1226 4134 in
1250 4075 1289 4135 Αο
1312 4075 1440 4152 scripsit.
1488 4075 1556 4134 Non

275 4186 414 4239 accurata
437 4178 525 4255 igitur
549 4187 627 4252 sunt,
653 4199 729 4257 quae
745 4179 873 4259 Spengel
889 4181 921 4253 ll,
941 4183 1002 4243 132
1028 4179 1107 4241 dicit.
1133 4173 1209 4260 (ME
1230 4181 1371 4258 praebent
1386 4200 1446 4241 non
1461 4181 1553 4259 quid,

276 4287 494 4358 sedantem,
519 4279 668 4362 Mqual.

384 4396 468 4459 1365
486 4397 504 4455 b
521 4399 562 4458 33
588 4385 677 4473 (208,
697 4387 752 4473 14)
775 4392 806 4453 in
829 4392 1052 4453 honorabilibus
1076 4385 1179 4473 (scrib.
1203 4387 1494 4476 honorabilitatibus)
1513 4421 1553 4435 -··

275 4492 334 4560 ἀπὸ
357 4499 536 4585 τιμημάτων,
559 4502 705 4582 interpres
729 4492 776 4558 ἐπί
799 4501 908 4583 legisse
929 4499 1052 4565 videtur.
