<?xml version="1.0" encoding="UTF-8"?>
<!DOCTYPE html PUBLIC "-//W3C//DTD XHTML 1.0 Transitional//EN"
    "http://www.w3.org/TR/xhtml1/DTD/xhtml1-transitional.dtd">
<html xmlns="http://www.w3.org/1999/xhtml" xml:lang="en" lang="en">
 <head>
  <title>
</title>
<meta http-equiv="Content-Type" content="text/html;charset=utf-8" />
  <meta name='ocr-system' content='tesseract 3.04.00' />
  <meta name='ocr-capabilities' content='ocr_page ocr_carea ocr_par ocr_line ocrx_word'/>
</head>
<body>
  <div class='ocr_page' id='page_1' title='image "./quaeratiointerv01dittgoog_0057.png"; bbox 0 0 3442 5246; ppageno 0'>
   <div class='ocr_carea' id='block_1_1' title="bbox 856 373 1071 446">
    <p class='ocr_par' dir='ltr' id='par_1_1' title="bbox 856 373 1071 446">
     <span class='ocr_line' id='line_1_1' title="bbox 856 373 1071 446; baseline 0 -18"><span class='ocrx_word' id='word_1_1' title='bbox 856 373 1071 446; x_wconf 68' lang='lat'>..48-</span> 
     </span>
    </p>
   </div>
   <div class='ocr_carea' id='block_1_2' title="bbox 258 575 1623 1829">
    <p class='ocr_par' dir='ltr' id='par_1_2' title="bbox 258 575 1623 1829">
     <span class='ocr_line' id='line_1_2' title="bbox 324 575 1603 662; baseline 0.002 -18"><span class='ocrx_word' id='word_1_2' title='bbox 324 603 396 644; x_wconf 92' lang='lat' dir='ltr'>uam</span> <span class='ocrx_word' id='word_1_3' title='bbox 422 603 458 644; x_wconf 83' lang='lat' dir='ltr'>ex</span> <span class='ocrx_word' id='word_1_4' title='bbox 486 580 656 657; x_wconf 78' lang='lat' dir='ltr'><strong>vulgaribus</strong></span> <span class='ocrx_word' id='word_1_5' title='bbox 686 581 781 642; x_wconf 89' lang='lat' dir='ltr'>verbis</span> <span class='ocrx_word' id='word_1_6' title='bbox 808 578 861 661; x_wconf 69' lang='lat' dir='ltr'>chr</span> <span class='ocrx_word' id='word_1_7' title='bbox 886 575 967 638; x_wconf 79' lang='grc' dir='ltr'><strong>λείαν</strong></span> <span class='ocrx_word' id='word_1_8' title='bbox 995 581 1144 657; x_wconf 82' lang='lat' dir='ltr'>singulare</span> <span class='ocrx_word' id='word_1_9' title='bbox 1170 576 1272 662; x_wconf 71' lang='lat' dir='ltr'>rahier</span> <span class='ocrx_word' id='word_1_10' title='bbox 1301 584 1458 644; x_wconf 87' lang='lat' dir='ltr'>emendare</span> <span class='ocrx_word' id='word_1_11' title='bbox 1485 581 1603 662; x_wconf 72' lang='lat' dir='ltr'>potuiti</span> 
     </span>
     <span class='ocr_line' id='line_1_3' title="bbox 324 682 1606 769; baseline 0.001 -21"><span class='ocrx_word' id='word_1_12' title='bbox 324 689 398 761; x_wconf 84' lang='lat' dir='ltr'>Quis</span> <span class='ocrx_word' id='word_1_13' title='bbox 422 709 457 750; x_wconf 87' lang='lat' dir='ltr'>ex</span> <span class='ocrx_word' id='word_1_14' title='bbox 481 688 591 749; x_wconf 89' lang='lat' dir='ltr'>usitato</span> <span class='ocrx_word' id='word_1_15' title='bbox 615 688 704 748; x_wconf 92' lang='lat' dir='ltr'>verbo</span> <span class='ocrx_word' id='word_1_16' title='bbox 726 685 871 768; x_wconf 77' lang='grc' dir='ltr'><strong>χρηστέον</strong></span> <span class='ocrx_word' id='word_1_17' title='bbox 893 687 989 746; x_wconf 89' lang='lat' dir='ltr'>rarius</span> <span class='ocrx_word' id='word_1_18' title='bbox 1013 687 1199 766; x_wconf 70' lang='grc' dir='ltr'><strong>χρονιστέονῖ</strong></span> <span class='ocrx_word' id='word_1_19' title='bbox 1232 688 1304 761; x_wconf 88' lang='lat' dir='ltr'>Quis</span> <span class='ocrx_word' id='word_1_20' title='bbox 1328 708 1364 749; x_wconf 82' lang='lat' dir='ltr'>ex</span> <span class='ocrx_word' id='word_1_21' title='bbox 1388 689 1463 750; x_wconf 90' lang='lat' dir='ltr'>miro</span> <span class='ocrx_word' id='word_1_22' title='bbox 1486 682 1606 769; x_wconf 77' lang='grc' dir='ltr'><strong>ῥιπίδιον</strong></span> 
     </span>
     <span class='ocr_line' id='line_1_4' title="bbox 324 784 1604 873; baseline 0 -15"><span class='ocrx_word' id='word_1_23' title='bbox 324 793 423 867; x_wconf 95' lang='grc'><strong>(1413</strong></span> <span class='ocrx_word' id='word_1_24' title='bbox 436 815 454 853; x_wconf 91' lang='lat' dir='ltr'>a</span> <span class='ocrx_word' id='word_1_25' title='bbox 465 798 618 867; x_wconf 85' lang='lat'>6:323,</span> <span class='ocrx_word' id='word_1_26' title='bbox 637 796 678 856; x_wconf 88' lang='grc'>20</span> <span class='ocrx_word' id='word_1_27' title='bbox 695 787 858 873; x_wconf 84' lang='lat' dir='ltr'>flabellum)</span> <span class='ocrx_word' id='word_1_28' title='bbox 882 800 985 870; x_wconf 93' lang='lat' dir='ltr'>aptum</span> <span class='ocrx_word' id='word_1_29' title='bbox 996 784 1140 871; x_wconf 67' lang='grc' dir='ltr'>ἐρείπιονῖ</span> <span class='ocrx_word' id='word_1_30' title='bbox 1167 795 1249 869; x_wconf 88' lang='lat' dir='ltr'>Quis,</span> <span class='ocrx_word' id='word_1_31' title='bbox 1263 816 1315 873; x_wconf 88' lang='lat' dir='ltr'>per</span> <span class='ocrx_word' id='word_1_32' title='bbox 1328 797 1398 856; x_wconf 91' lang='lat' dir='ltr'>deos</span> <span class='ocrx_word' id='word_1_33' title='bbox 1410 796 1604 872; x_wconf 90' lang='lat' dir='ltr'>immortales,</span> 
     </span>
     <span class='ocr_line' id='line_1_5' title="bbox 324 890 1605 978; baseline 0.004 -18"><span class='ocrx_word' id='word_1_34' title='bbox 324 920 360 960; x_wconf 84' lang='lat' dir='ltr'>ex</span> <span class='ocrx_word' id='word_1_35' title='bbox 374 900 550 977; x_wconf 87' lang='lat' dir='ltr'>pravissima</span> <span class='ocrx_word' id='word_1_36' title='bbox 562 900 709 977; x_wconf 88' lang='lat' dir='ltr'>scriptura</span> <span class='ocrx_word' id='word_1_37' title='bbox 721 892 878 965; x_wconf 78' lang='grc' dir='ltr'><strong>κάλλιστος</strong></span> <span class='ocrx_word' id='word_1_38' title='bbox 889 890 909 978; x_wconf 84' lang='grc' dir='ltr'>ἢ</span> <span class='ocrx_word' id='word_1_39' title='bbox 921 898 1061 967; x_wconf 77' lang='grc' dir='ltr'><strong>κάκιστος</strong></span> <span class='ocrx_word' id='word_1_40' title='bbox 1072 901 1157 961; x_wconf 91' lang='lat' dir='ltr'>unice</span> <span class='ocrx_word' id='word_1_41' title='bbox 1168 921 1268 961; x_wconf 89' lang='lat' dir='ltr'>veram</span> <span class='ocrx_word' id='word_1_42' title='bbox 1288 902 1444 962; x_wconf 90' lang='lat' dir='ltr'>lectionem</span> <span class='ocrx_word' id='word_1_43' title='bbox 1455 895 1605 972; x_wconf 73' lang='lat' dir='ltr'>Kuhvtoc?</span> 
     </span>
     <span class='ocr_line' id='line_1_6' title="bbox 431 1002 1603 1084; baseline 0.003 -17"><span class='ocrx_word' id='word_1_44' title='bbox 431 1008 496 1067; x_wconf 90' lang='lat' dir='ltr'>Hac</span> <span class='ocrx_word' id='word_1_45' title='bbox 520 1026 637 1084; x_wconf 87' lang='lat' dir='ltr'>quoque</span> <span class='ocrx_word' id='word_1_46' title='bbox 660 1005 799 1084; x_wconf 91' lang='lat' dir='ltr'>opinione</span> <span class='ocrx_word' id='word_1_47' title='bbox 823 1006 973 1067; x_wconf 81' lang='lat' dir='ltr'>confutata</span> <span class='ocrx_word' id='word_1_48' title='bbox 996 1012 1098 1079; x_wconf 91' lang='lat' dir='ltr'>restat,</span> <span class='ocrx_word' id='word_1_49' title='bbox 1122 1013 1154 1066; x_wconf 91' lang='lat' dir='ltr'>ut</span> <span class='ocrx_word' id='word_1_50' title='bbox 1177 1002 1323 1084; x_wconf 76' lang='lat' dir='ltr'>interpres</span> <span class='ocrx_word' id='word_1_51' title='bbox 1354 1009 1487 1069; x_wconf 86' lang='lat' dir='ltr'>codicem</span> <span class='ocrx_word' id='word_1_52' title='bbox 1510 1010 1603 1070; x_wconf 93' lang='lat' dir='ltr'>habu·</span> 
     </span>
     <span class='ocr_line' id='line_1_7' title="bbox 322 1112 1601 1192; baseline 0.002 -18"><span class='ocrx_word' id='word_1_53' title='bbox 322 1114 386 1187; x_wconf 90' lang='lat' dir='ltr'>erit,</span> <span class='ocrx_word' id='word_1_54' title='bbox 411 1134 500 1192; x_wconf 90' lang='lat' dir='ltr'>quem</span> <span class='ocrx_word' id='word_1_55' title='bbox 523 1113 624 1174; x_wconf 90' lang='lat' dir='ltr'>nescio</span> <span class='ocrx_word' id='word_1_56' title='bbox 649 1112 715 1191; x_wconf 91' lang='lat' dir='ltr'>quis</span> <span class='ocrx_word' id='word_1_57' title='bbox 738 1120 896 1190; x_wconf 88' lang='lat' dir='ltr'>utramque</span> <span class='ocrx_word' id='word_1_58' title='bbox 918 1112 1062 1172; x_wconf 81' lang='lat' dir='ltr'>familiam</span> <span class='ocrx_word' id='word_1_59' title='bbox 1078 1132 1257 1191; x_wconf 89' lang='lat' dir='ltr'>comparans</span> <span class='ocrx_word' id='word_1_60' title='bbox 1276 1116 1470 1178; x_wconf 78' lang='lat' dir='ltr'>contexuerit.</span> <span class='ocrx_word' id='word_1_61' title='bbox 1495 1116 1601 1177; x_wconf 83' lang='lat' dir='ltr'>Mirum</span> 
     </span>
     <span class='ocr_line' id='line_1_8' title="bbox 324 1219 1623 1298; baseline 0.004 -18"><span class='ocrx_word' id='word_1_62' title='bbox 324 1220 493 1280; x_wconf 87' lang='lat' dir='ltr'>mehercule</span> <span class='ocrx_word' id='word_1_63' title='bbox 515 1220 626 1280; x_wconf 81' lang='lat' dir='ltr'>virum!</span> <span class='ocrx_word' id='word_1_64' title='bbox 675 1219 804 1279; x_wconf 91' lang='lat' dir='ltr'>Sinceris</span> <span class='ocrx_word' id='word_1_65' title='bbox 827 1219 1003 1279; x_wconf 88' lang='lat' dir='ltr'>lectionibus</span> <span class='ocrx_word' id='word_1_66' title='bbox 1027 1238 1095 1279; x_wconf 89' lang='lat' dir='ltr'>eum</span> <span class='ocrx_word' id='word_1_67' title='bbox 1118 1220 1292 1280; x_wconf 84' lang='lat' dir='ltr'>antetulisse</span> <span class='ocrx_word' id='word_1_68' title='bbox 1315 1222 1506 1298; x_wconf 73' lang='lat' dir='ltr'>adulterinae,</span> <span class='ocrx_word' id='word_1_69' title='bbox 1531 1225 1623 1285; x_wconf 82' lang='lat' dir='ltr'>diiii-¹</span> 
     </span>
     <span class='ocr_line' id='line_1_9' title="bbox 258 1325 1603 1417; baseline 0.003 -31"><span class='ocrx_word' id='word_1_70' title='bbox 258 1406 265 1417; x_wconf 36' lang='lat'><strong>·</strong></span> <span class='ocrx_word' id='word_1_71' title='bbox 322 1327 395 1387; x_wconf 90' lang='lat' dir='ltr'>ciles</span> <span class='ocrx_word' id='word_1_72' title='bbox 418 1326 564 1400; x_wconf 86' lang='lat' dir='ltr'>facilibus,</span> <span class='ocrx_word' id='word_1_73' title='bbox 588 1325 725 1386; x_wconf 91' lang='lat' dir='ltr'>dilucidis</span> <span class='ocrx_word' id='word_1_74' title='bbox 748 1327 892 1386; x_wconf 91' lang='lat' dir='ltr'>obscuras</span> <span class='ocrx_word' id='word_1_75' title='bbox 916 1333 1005 1402; x_wconf 89' lang='lat' dir='ltr'>atque</span> <span class='ocrx_word' id='word_1_76' title='bbox 1028 1326 1101 1386; x_wconf 90' lang='lat' dir='ltr'>adeo</span> <span class='ocrx_word' id='word_1_77' title='bbox 1125 1326 1206 1386; x_wconf 91' lang='lat' dir='ltr'>omni</span> <span class='ocrx_word' id='word_1_78' title='bbox 1230 1346 1321 1387; x_wconf 90' lang='lat' dir='ltr'>sensu</span> <span class='ocrx_word' id='word_1_79' title='bbox 1344 1336 1492 1389; x_wconf 81' lang='lat' dir='ltr'>carentes!</span> <span class='ocrx_word' id='word_1_80' title='bbox 1517 1330 1603 1390; x_wconf 92' lang='lat' dir='ltr'>Prae·</span> 
     </span>
     <span class='ocr_line' id='line_1_10' title="bbox 321 1431 1601 1505; baseline 0.003 -13"><span class='ocrx_word' id='word_1_81' title='bbox 321 1439 400 1493; x_wconf 90' lang='lat' dir='ltr'>terea</span> <span class='ocrx_word' id='word_1_82' title='bbox 423 1433 454 1492; x_wconf 91' lang='lat' dir='ltr'>in</span> <span class='ocrx_word' id='word_1_83' title='bbox 476 1433 533 1493; x_wconf 91' lang='lat' dir='ltr'>hac</span> <span class='ocrx_word' id='word_1_84' title='bbox 556 1432 738 1505; x_wconf 87' lang='lat' dir='ltr'>recensione,</span> <span class='ocrx_word' id='word_1_85' title='bbox 764 1432 789 1492; x_wconf 92' lang='lat' dir='ltr'>si</span> <span class='ocrx_word' id='word_1_86' title='bbox 812 1432 854 1492; x_wconf 91' lang='lat' dir='ltr'>ita</span> <span class='ocrx_word' id='word_1_87' title='bbox 877 1432 956 1492; x_wconf 88' lang='lat' dir='ltr'>lacta</span> <span class='ocrx_word' id='word_1_88' title='bbox 979 1431 1026 1505; x_wconf 90' lang='lat' dir='ltr'>sit,</span> <span class='ocrx_word' id='word_1_89' title='bbox 1062 1450 1185 1493; x_wconf 88' lang='lat' dir='ltr'>necesse</span> <span class='ocrx_word' id='word_1_90' title='bbox 1209 1452 1276 1493; x_wconf 89' lang='lat' dir='ltr'>esse</span> <span class='ocrx_word' id='word_1_91' title='bbox 1299 1433 1375 1494; x_wconf 90' lang='lat' dir='ltr'>nihil</span> <span class='ocrx_word' id='word_1_92' title='bbox 1397 1434 1520 1496; x_wconf 88' lang='lat' dir='ltr'>inveniri</span> <span class='ocrx_word' id='word_1_93' title='bbox 1543 1436 1601 1496; x_wconf 93' lang='lat' dir='ltr'>nisi</span> 
     </span>
     <span class='ocr_line' id='line_1_11' title="bbox 324 1537 1600 1619; baseline 0.004 -21"><span class='ocrx_word' id='word_1_94' title='bbox 324 1541 436 1613; x_wconf 89' lang='lat' dir='ltr'>eadem,</span> <span class='ocrx_word' id='word_1_95' title='bbox 457 1554 538 1616; x_wconf 76' lang='lat' dir='ltr'>&#39;quae</span> <span class='ocrx_word' id='word_1_96' title='bbox 561 1539 590 1600; x_wconf 92' lang='lat' dir='ltr'>in</span> <span class='ocrx_word' id='word_1_97' title='bbox 613 1539 672 1600; x_wconf 90' lang='lat' dir='ltr'>illis</span> <span class='ocrx_word' id='word_1_98' title='bbox 696 1541 811 1599; x_wconf 90' lang='lat' dir='ltr'>duabus</span> <span class='ocrx_word' id='word_1_99' title='bbox 835 1538 970 1611; x_wconf 65' lang='lat' dir='ltr'>iamdiu,</span> <span class='ocrx_word' id='word_1_100' title='bbox 1006 1537 1036 1598; x_wconf 92' lang='lat' dir='ltr'>id</span> <span class='ocrx_word' id='word_1_101' title='bbox 1059 1558 1147 1599; x_wconf 91' lang='lat' dir='ltr'>nemo</span> <span class='ocrx_word' id='word_1_102' title='bbox 1179 1559 1239 1599; x_wconf 92' lang='lat' dir='ltr'>non</span> <span class='ocrx_word' id='word_1_103' title='bbox 1263 1543 1413 1601; x_wconf 90' lang='lat' dir='ltr'>concedet.</span> <span class='ocrx_word' id='word_1_104' title='bbox 1460 1543 1600 1619; x_wconf 77' lang='lat' dir='ltr'>Egregios</span> 
     </span>
     <span class='ocr_line' id='line_1_12' title="bbox 321 1644 1600 1722; baseline 0.003 -17"><span class='ocrx_word' id='word_1_105' title='bbox 321 1645 410 1721; x_wconf 83' lang='lat' dir='ltr'>igitur</span> <span class='ocrx_word' id='word_1_106' title='bbox 431 1645 584 1719; x_wconf 90' lang='lat' dir='ltr'>lectiones,</span> <span class='ocrx_word' id='word_1_107' title='bbox 608 1644 737 1722; x_wconf 87' lang='lat' dir='ltr'>quaein</span> <span class='ocrx_word' id='word_1_108' title='bbox 760 1644 954 1705; x_wconf 89' lang='lat' dir='ltr'>translatione</span> <span class='ocrx_word' id='word_1_109' title='bbox 977 1644 1025 1703; x_wconf 92' lang='lat' dir='ltr'>hic</span> <span class='ocrx_word' id='word_1_110' title='bbox 1048 1644 1108 1705; x_wconf 90' lang='lat' dir='ltr'>illic</span> <span class='ocrx_word' id='word_1_111' title='bbox 1133 1645 1218 1705; x_wconf 90' lang='lat' dir='ltr'>nobis</span> <span class='ocrx_word' id='word_1_112' title='bbox 1242 1656 1417 1722; x_wconf 88' lang='lat' dir='ltr'>occurrunt,</span> <span class='ocrx_word' id='word_1_113' title='bbox 1447 1668 1518 1708; x_wconf 90' lang='lat' dir='ltr'>num</span> <span class='ocrx_word' id='word_1_114' title='bbox 1542 1649 1600 1709; x_wconf 88' lang='lat' dir='ltr'>iste</span> 
     </span>
     <span class='ocr_line' id='line_1_13' title="bbox 322 1737 1596 1829; baseline 0.002 -17"><span class='ocrx_word' id='word_1_115' title='bbox 322 1752 507 1829; x_wconf 89' lang='lat' dir='ltr'>conscriptor</span> <span class='ocrx_word' id='word_1_116' title='bbox 529 1751 647 1828; x_wconf 85' lang='lat' dir='ltr'>ingenio</span> <span class='ocrx_word' id='word_1_117' title='bbox 671 1770 726 1813; x_wconf 91' lang='lat' dir='ltr'>suo</span> <span class='ocrx_word' id='word_1_118' title='bbox 750 1750 909 1811; x_wconf 76' lang='lat' dir='ltr'>divinavit?</span> <span class='ocrx_word' id='word_1_119' title='bbox 947 1750 1078 1811; x_wconf 88' lang='lat' dir='ltr'>Minime.</span> <span class='ocrx_word' id='word_1_120' title='bbox 1111 1751 1256 1813; x_wconf 85' lang='lat' dir='ltr'>Universa</span> <span class='ocrx_word' id='word_1_121' title='bbox 1286 1753 1442 1814; x_wconf 89' lang='lat' dir='ltr'>lectionum</span> <span class='ocrx_word' id='word_1_122' title='bbox 1469 1737 1596 1814; x_wconf 82' lang='lat' dir='ltr'>varietas</span> 
     </span>
    </p>
   </div>
   <div class='ocr_carea' id='block_1_3' title="bbox 320 1857 1708 1949">
    <p class='ocr_par' dir='ltr' id='par_1_3' title="bbox 320 1857 1708 1949">
     <span class='ocr_line' id='line_1_14' title="bbox 320 1857 1708 1949; baseline -0.001 -31"><span class='ocrx_word' id='word_1_123' title='bbox 320 1858 370 1936; x_wconf 88' lang='lat' dir='ltr'>qui</span> <span class='ocrx_word' id='word_1_124' title='bbox 394 1858 489 1935; x_wconf 92' lang='lat' dir='ltr'>potuit</span> <span class='ocrx_word' id='word_1_125' title='bbox 512 1857 605 1932; x_wconf 91' lang='lat' dir='ltr'>nasci,</span> <span class='ocrx_word' id='word_1_126' title='bbox 630 1857 655 1917; x_wconf 91' lang='lat' dir='ltr'>si</span> <span class='ocrx_word' id='word_1_127' title='bbox 679 1857 752 1917; x_wconf 92' lang='lat' dir='ltr'>liber</span> <span class='ocrx_word' id='word_1_128' title='bbox 775 1857 944 1935; x_wconf 84' lang='lat' dir='ltr'>interpretis</span> <span class='ocrx_word' id='word_1_129' title='bbox 968 1877 1004 1918; x_wconf 83' lang='lat' dir='ltr'>ex</span> <span class='ocrx_word' id='word_1_130' title='bbox 1028 1857 1143 1918; x_wconf 90' lang='lat' dir='ltr'>duabus</span> <span class='ocrx_word' id='word_1_131' title='bbox 1175 1859 1286 1919; x_wconf 90' lang='lat' dir='ltr'>nostris</span> <span class='ocrx_word' id='word_1_132' title='bbox 1310 1859 1429 1919; x_wconf 86' lang='lat' dir='ltr'>familiis</span> <span class='ocrx_word' id='word_1_133' title='bbox 1455 1859 1594 1918; x_wconf 90' lang='lat' dir='ltr'>contami·</span> <span class='ocrx_word' id='word_1_134' title='bbox 1707 1924 1708 1949; x_wconf 63' lang='lat'>,</span> 
     </span>
    </p>
   </div>
   <div class='ocr_carea' id='block_1_4' title="bbox 321 1962 1601 2239">
    <p class='ocr_par' dir='ltr' id='par_1_4' title="bbox 321 1962 1601 2239">
     <span class='ocr_line' id='line_1_15' title="bbox 324 1962 1601 2041; baseline -0.002 -16"><span class='ocrx_word' id='word_1_135' title='bbox 324 1972 414 2026; x_wconf 90' lang='lat' dir='ltr'>uatus</span> <span class='ocrx_word' id='word_1_136' title='bbox 438 1969 504 2023; x_wconf 77' lang='lat' dir='ltr'>est?</span> <span class='ocrx_word' id='word_1_137' title='bbox 545 1963 592 2024; x_wconf 84' lang='lat' dir='ltr'>An</span> <span class='ocrx_word' id='word_1_138' title='bbox 615 1964 689 2023; x_wconf 90' lang='lat' dir='ltr'>haec</span> <span class='ocrx_word' id='word_1_139' title='bbox 713 1962 813 2023; x_wconf 91' lang='lat' dir='ltr'>omnia</span> <span class='ocrx_word' id='word_1_140' title='bbox 836 1982 909 2024; x_wconf 90' lang='lat' dir='ltr'>casu</span> <span class='ocrx_word' id='word_1_141' title='bbox 932 1982 967 2023; x_wconf 91' lang='lat' dir='ltr'>ac</span> <span class='ocrx_word' id='word_1_142' title='bbox 990 1964 1110 2025; x_wconf 87' lang='lat' dir='ltr'>fortuito</span> <span class='ocrx_word' id='word_1_143' title='bbox 1133 1964 1323 2026; x_wconf 77' lang='lat' dir='ltr'>acciderunt?</span> <span class='ocrx_word' id='word_1_144' title='bbox 1363 1965 1435 2038; x_wconf 86' lang='lat' dir='ltr'>Quis</span> <span class='ocrx_word' id='word_1_145' title='bbox 1463 1972 1522 2039; x_wconf 92' lang='lat' dir='ltr'>est,</span> <span class='ocrx_word' id='word_1_146' title='bbox 1551 1962 1601 2041; x_wconf 92' lang='lat' dir='ltr'>qui</span> 
     </span>
     <span class='ocr_line' id='line_1_16' title="bbox 321 2069 1601 2149; baseline 0 -18"><span class='ocrx_word' id='word_1_147' title='bbox 321 2072 379 2131; x_wconf 90' lang='lat' dir='ltr'>hoc</span> <span class='ocrx_word' id='word_1_148' title='bbox 403 2072 582 2130; x_wconf 79' lang='lat' dir='ltr'>contendat?</span> <span class='ocrx_word' id='word_1_149' title='bbox 607 2070 684 2146; x_wconf 82' lang='lat' dir='ltr'>Ergo</span> <span class='ocrx_word' id='word_1_150' title='bbox 707 2069 754 2129; x_wconf 94' lang='lat' dir='ltr'>his</span> <span class='ocrx_word' id='word_1_151' title='bbox 778 2069 917 2130; x_wconf 91' lang='lat' dir='ltr'>omnibus</span> <span class='ocrx_word' id='word_1_152' title='bbox 942 2069 1131 2147; x_wconf 90' lang='lat' dir='ltr'>opinionibus</span> <span class='ocrx_word' id='word_1_153' title='bbox 1155 2071 1309 2132; x_wconf 88' lang='lat' dir='ltr'>dissolutis</span> <span class='ocrx_word' id='word_1_154' title='bbox 1329 2072 1473 2149; x_wconf 89' lang='lat' dir='ltr'>reliquum</span> <span class='ocrx_word' id='word_1_155' title='bbox 1489 2079 1544 2138; x_wconf 85' lang='lat' dir='ltr'>est.</span> <span class='ocrx_word' id='word_1_156' title='bbox 1568 2076 1601 2131; x_wconf 93' lang='lat' dir='ltr'>ut</span> 
     </span>
     <span class='ocr_line' id='line_1_17' title="bbox 321 2177 1416 2239; baseline 0.001 -1"><span class='ocrx_word' id='word_1_157' title='bbox 321 2185 438 2238; x_wconf 83' lang='lat' dir='ltr'>vetusta</span> <span class='ocrx_word' id='word_1_158' title='bbox 460 2177 656 2238; x_wconf 87' lang='lat' dir='ltr'>translatione</span> <span class='ocrx_word' id='word_1_159' title='bbox 678 2177 801 2238; x_wconf 90' lang='lat' dir='ltr'>tertia</span> <span class='ocrx_word' id='word_1_160' title='bbox 824 2177 962 2238; x_wconf 88' lang='lat' dir='ltr'>codicum</span> <span class='ocrx_word' id='word_1_161' title='bbox 985 2177 1099 2239; x_wconf 87' lang='lat' dir='ltr'>familia</span> <span class='ocrx_word' id='word_1_162' title='bbox 1121 2178 1207 2237; x_wconf 90' lang='lat' dir='ltr'>nobis</span> <span class='ocrx_word' id='word_1_163' title='bbox 1231 2187 1348 2239; x_wconf 89' lang='lat' dir='ltr'>servata</span> <span class='ocrx_word' id='word_1_164' title='bbox 1370 2179 1416 2239; x_wconf 91' lang='lat' dir='ltr'>sit.</span> 
     </span>
    </p>
   </div>
   <div class='ocr_carea' id='block_1_5' title="bbox 319 2283 1602 2575">
    <p class='ocr_par' dir='ltr' id='par_1_5' title="bbox 319 2283 1602 2575">
     <span class='ocr_line' id='line_1_18' title="bbox 426 2283 1600 2362; baseline -0.003 -17"><span class='ocrx_word' id='word_1_165' title='bbox 426 2284 522 2362; x_wconf 89' lang='lat' dir='ltr'>Atque</span> <span class='ocrx_word' id='word_1_166' title='bbox 545 2292 578 2344; x_wconf 93' lang='lat' dir='ltr'>ut</span> <span class='ocrx_word' id='word_1_167' title='bbox 601 2292 629 2345; x_wconf 92' lang='lat' dir='ltr'>et</span> <span class='ocrx_word' id='word_1_168' title='bbox 644 2285 721 2344; x_wconf 91' lang='lat' dir='ltr'>hanc</span> <span class='ocrx_word' id='word_1_169' title='bbox 737 2290 766 2343; x_wconf 92' lang='lat' dir='ltr'>et</span> <span class='ocrx_word' id='word_1_170' title='bbox 782 2283 949 2361; x_wconf 89' lang='lat' dir='ltr'>superiores</span> <span class='ocrx_word' id='word_1_171' title='bbox 966 2283 1237 2359; x_wconf 82' lang='lat' dir='ltr'>argumentationes</span> <span class='ocrx_word' id='word_1_172' title='bbox 1253 2287 1347 2345; x_wconf 90' lang='lat' dir='ltr'>multo</span> <span class='ocrx_word' id='word_1_173' title='bbox 1364 2283 1459 2360; x_wconf 87' lang='lat' dir='ltr'>magis</span> <span class='ocrx_word' id='word_1_174' title='bbox 1475 2283 1600 2356; x_wconf 90' lang='lat' dir='ltr'>lirmem,</span> 
     </span>
     <span class='ocr_line' id='line_1_19' title="bbox 320 2390 1602 2470; baseline -0.001 -18"><span class='ocrx_word' id='word_1_175' title='bbox 320 2394 441 2453; x_wconf 87' lang='lat' dir='ltr'>tandem</span> <span class='ocrx_word' id='word_1_176' title='bbox 464 2392 622 2470; x_wconf 84' lang='lat' dir='ltr'>aliquando</span> <span class='ocrx_word' id='word_1_177' title='bbox 646 2391 769 2464; x_wconf 89' lang='lat' dir='ltr'>faciam,</span> <span class='ocrx_word' id='word_1_178' title='bbox 805 2393 884 2468; x_wconf 90' lang='lat' dir='ltr'>quod</span> <span class='ocrx_word' id='word_1_179' title='bbox 908 2390 967 2450; x_wconf 90' lang='lat' dir='ltr'>iam</span> <span class='ocrx_word' id='word_1_180' title='bbox 994 2390 1106 2467; x_wconf 90' lang='lat' dir='ltr'>pridem</span> <span class='ocrx_word' id='word_1_181' title='bbox 1132 2390 1279 2467; x_wconf 90' lang='lat' dir='ltr'>pollicitus</span> <span class='ocrx_word' id='word_1_182' title='bbox 1304 2411 1381 2455; x_wconf 90' lang='lat' dir='ltr'>sum.</span> <span class='ocrx_word' id='word_1_183' title='bbox 1427 2392 1602 2453; x_wconf 85' lang='lat' dir='ltr'>Lectionum</span> 
     </span>
     <span class='ocr_line' id='line_1_20' title="bbox 319 2495 1602 2575; baseline 0.001 -18"><span class='ocrx_word' id='word_1_184' title='bbox 319 2505 453 2559; x_wconf 89' lang='lat' dir='ltr'>vetustae</span> <span class='ocrx_word' id='word_1_185' title='bbox 476 2497 680 2559; x_wconf 87' lang='lat' dir='ltr'>translationis</span> <span class='ocrx_word' id='word_1_186' title='bbox 705 2497 897 2575; x_wconf 89' lang='lat' dir='ltr'>propriarum</span> <span class='ocrx_word' id='word_1_187' title='bbox 921 2495 952 2556; x_wconf 92' lang='lat' dir='ltr'>in</span> <span class='ocrx_word' id='word_1_188' title='bbox 976 2516 1117 2574; x_wconf 90' lang='lat' dir='ltr'>praesens</span> <span class='ocrx_word' id='word_1_189' title='bbox 1135 2496 1240 2555; x_wconf 88' lang='lat' dir='ltr'>saltem</span> <span class='ocrx_word' id='word_1_190' title='bbox 1265 2516 1324 2569; x_wconf 90' lang='lat' dir='ltr'>eas,</span> <span class='ocrx_word' id='word_1_191' title='bbox 1350 2499 1471 2574; x_wconf 91' lang='lat' dir='ltr'>quaein</span> <span class='ocrx_word' id='word_1_192' title='bbox 1488 2499 1509 2559; x_wconf 92' lang='lat' dir='ltr'>l.</span> <span class='ocrx_word' id='word_1_193' title='bbox 1527 2498 1602 2559; x_wconf 90' lang='lat' dir='ltr'>libro</span> 
     </span>
    </p>
   </div>
   <div class='ocr_carea' id='block_1_6' title="bbox 318 2603 1604 4286">
    <p class='ocr_par' dir='ltr' id='par_1_6' title="bbox 319 2603 1604 3430">
     <span class='ocr_line' id='line_1_21' title="bbox 320 2603 1604 2682; baseline 0.001 -17"><span class='ocrx_word' id='word_1_194' title='bbox 320 2612 398 2679; x_wconf 91' lang='lat' dir='ltr'>sunt,</span> <span class='ocrx_word' id='word_1_195' title='bbox 422 2606 452 2665; x_wconf 92' lang='lat' dir='ltr'>in</span> <span class='ocrx_word' id='word_1_196' title='bbox 476 2605 607 2665; x_wconf 89' lang='lat' dir='ltr'>medium</span> <span class='ocrx_word' id='word_1_197' title='bbox 631 2604 790 2682; x_wconf 82' lang='lat' dir='ltr'>proteram.</span> <span class='ocrx_word' id='word_1_198' title='bbox 839 2603 904 2662; x_wconf 88' lang='lat' dir='ltr'>Hoc</span> <span class='ocrx_word' id='word_1_199' title='bbox 927 2622 1044 2680; x_wconf 89' lang='lat' dir='ltr'>quoque</span> <span class='ocrx_word' id='word_1_200' title='bbox 1066 2622 1176 2662; x_wconf 89' lang='lat' dir='ltr'>munus</span> <span class='ocrx_word' id='word_1_201' title='bbox 1201 2622 1290 2680; x_wconf 85' lang='lat' dir='ltr'>quam</span> <span class='ocrx_word' id='word_1_202' title='bbox 1314 2604 1489 2664; x_wconf 89' lang='lat' dir='ltr'>brevissime</span> <span class='ocrx_word' id='word_1_203' title='bbox 1505 2606 1604 2666; x_wconf 92' lang='lat' dir='ltr'>absol-</span> 
     </span>
     <span class='ocr_line' id='line_1_22' title="bbox 319 2709 1601 2788; baseline -0.001 -16"><span class='ocrx_word' id='word_1_204' title='bbox 319 2733 396 2786; x_wconf 87' lang='lat' dir='ltr'>vam,</span> <span class='ocrx_word' id='word_1_205' title='bbox 420 2732 458 2772; x_wconf 93' lang='lat' dir='ltr'>ne</span> <span class='ocrx_word' id='word_1_206' title='bbox 480 2712 577 2784; x_wconf 87' lang='lat' dir='ltr'>rebus,</span> <span class='ocrx_word' id='word_1_207' title='bbox 602 2730 678 2788; x_wconf 87' lang='lat' dir='ltr'>quae</span> <span class='ocrx_word' id='word_1_208' title='bbox 701 2711 739 2771; x_wconf 88' lang='lat' dir='ltr'>ad</span> <span class='ocrx_word' id='word_1_209' title='bbox 761 2710 839 2770; x_wconf 81' lang='lat' dir='ltr'>hanc</span> <span class='ocrx_word' id='word_1_210' title='bbox 863 2710 1067 2787; x_wconf 90' lang='lat' dir='ltr'>quaestionem</span> <span class='ocrx_word' id='word_1_211' title='bbox 1090 2709 1188 2787; x_wconf 88' lang='lat' dir='ltr'>ipsam</span> <span class='ocrx_word' id='word_1_212' title='bbox 1203 2729 1263 2769; x_wconf 93' lang='lat' dir='ltr'>non</span> <span class='ocrx_word' id='word_1_213' title='bbox 1287 2710 1443 2787; x_wconf 89' lang='lat' dir='ltr'>pertinent,</span> <span class='ocrx_word' id='word_1_214' title='bbox 1468 2712 1601 2787; x_wconf 88' lang='lat' dir='ltr'>legentes</span> 
     </span>
     <span class='ocr_line' id='line_1_23' title="bbox 320 2815 1603 2896; baseline -0.001 -17"><span class='ocrx_word' id='word_1_215' title='bbox 320 2818 450 2894; x_wconf 79' lang='lat' dir='ltr'>fatigem.</span> <span class='ocrx_word' id='word_1_216' title='bbox 497 2819 598 2896; x_wconf 83' lang='lat' dir='ltr'>ltaque</span> <span class='ocrx_word' id='word_1_217' title='bbox 621 2837 672 2878; x_wconf 90' lang='lat' dir='ltr'>eos</span> <span class='ocrx_word' id='word_1_218' title='bbox 694 2817 794 2891; x_wconf 89' lang='lat' dir='ltr'>locos,</span> <span class='ocrx_word' id='word_1_219' title='bbox 826 2815 877 2893; x_wconf 86' lang='lat' dir='ltr'>qui</span> <span class='ocrx_word' id='word_1_220' title='bbox 901 2816 972 2895; x_wconf 90' lang='lat' dir='ltr'>quin</span> <span class='ocrx_word' id='word_1_221' title='bbox 1004 2815 1171 2894; x_wconf 88' lang='lat' dir='ltr'>depravatis</span> <span class='ocrx_word' id='word_1_222' title='bbox 1205 2817 1303 2876; x_wconf 90' lang='lat' dir='ltr'>solum</span> <span class='ocrx_word' id='word_1_223' title='bbox 1325 2816 1422 2876; x_wconf 86' lang='lat' dir='ltr'>verbis</span> <span class='ocrx_word' id='word_1_224' title='bbox 1445 2817 1559 2877; x_wconf 89' lang='lat' dir='ltr'>Latinis</span> <span class='ocrx_word' id='word_1_225' title='bbox 1583 2838 1603 2878; x_wconf 91' lang='lat' dir='ltr'>a</span> 
     </span>
     <span class='ocr_line' id='line_1_24' title="bbox 321 2922 1602 3002; baseline -0.002 -15"><span class='ocrx_word' id='word_1_226' title='bbox 321 2924 442 2987; x_wconf 82' lang='lat' dir='ltr'>Graecis</span> <span class='ocrx_word' id='word_1_227' title='bbox 464 2922 635 3002; x_wconf 85' lang='lat' dir='ltr'>discrepent</span> <span class='ocrx_word' id='word_1_228' title='bbox 656 2923 778 2984; x_wconf 93' lang='lat' dir='ltr'>dubium</span> <span class='ocrx_word' id='word_1_229' title='bbox 801 2942 860 2982; x_wconf 91' lang='lat' dir='ltr'>non</span> <span class='ocrx_word' id='word_1_230' title='bbox 884 2929 939 2998; x_wconf 88' lang='lat' dir='ltr'>est,</span> <span class='ocrx_word' id='word_1_231' title='bbox 963 2923 1069 2983; x_wconf 91' lang='lat' dir='ltr'>deinde</span> <span class='ocrx_word' id='word_1_232' title='bbox 1092 2942 1153 2997; x_wconf 89' lang='lat' dir='ltr'>eos,</span> <span class='ocrx_word' id='word_1_233' title='bbox 1177 2922 1229 2983; x_wconf 89' lang='lat' dir='ltr'>ubi</span> <span class='ocrx_word' id='word_1_234' title='bbox 1251 2929 1303 2983; x_wconf 88' lang='lat' dir='ltr'>aut</span> <span class='ocrx_word' id='word_1_235' title='bbox 1320 2922 1447 2999; x_wconf 79' lang='lat' dir='ltr'>Spengel</span> <span class='ocrx_word' id='word_1_236' title='bbox 1471 2931 1522 2984; x_wconf 88' lang='lat' dir='ltr'>aut</span> <span class='ocrx_word' id='word_1_237' title='bbox 1546 2943 1602 3001; x_wconf 87' lang='lat' dir='ltr'>ego</span> 
     </span>
     <span class='ocr_line' id='line_1_25' title="bbox 319 3029 1604 3108; baseline 0 -18"><span class='ocrx_word' id='word_1_238' title='bbox 319 3032 493 3091; x_wconf 86' lang='lat' dir='ltr'>varietatem</span> <span class='ocrx_word' id='word_1_239' title='bbox 509 3032 588 3092; x_wconf 87' lang='lat' dir='ltr'>haud</span> <span class='ocrx_word' id='word_1_240' title='bbox 604 3031 717 3091; x_wconf 89' lang='lat' dir='ltr'>incerta</span> <span class='ocrx_word' id='word_1_241' title='bbox 732 3029 937 3090; x_wconf 89' lang='lat' dir='ltr'>emendatione</span> <span class='ocrx_word' id='word_1_242' title='bbox 953 3029 1139 3104; x_wconf 90' lang='lat' dir='ltr'>sustulimus,</span> <span class='ocrx_word' id='word_1_243' title='bbox 1163 3030 1308 3093; x_wconf 86' lang='lat' dir='ltr'>omittam.</span> <span class='ocrx_word' id='word_1_244' title='bbox 1342 3030 1604 3108; x_wconf 76' lang='lat' dir='ltr'>supervacaneum</span> 
     </span>
     <span class='ocr_line' id='line_1_26' title="bbox 320 3135 1602 3216; baseline 0 -18"><span class='ocrx_word' id='word_1_245' title='bbox 320 3137 446 3216; x_wconf 87' lang='lat' dir='ltr'>denique</span> <span class='ocrx_word' id='word_1_246' title='bbox 470 3146 541 3215; x_wconf 90' lang='lat' dir='ltr'>puto</span> <span class='ocrx_word' id='word_1_247' title='bbox 564 3138 759 3199; x_wconf 90' lang='lat' dir='ltr'>creberrimos</span> <span class='ocrx_word' id='word_1_248' title='bbox 782 3135 850 3195; x_wconf 92' lang='lat' dir='ltr'>illos</span> <span class='ocrx_word' id='word_1_249' title='bbox 873 3135 956 3195; x_wconf 90' lang='lat' dir='ltr'>locos</span> <span class='ocrx_word' id='word_1_250' title='bbox 986 3142 1104 3209; x_wconf 87' lang='lat' dir='ltr'>notare,</span> <span class='ocrx_word' id='word_1_251' title='bbox 1136 3136 1244 3213; x_wconf 89' lang='lat' dir='ltr'>quibus</span> <span class='ocrx_word' id='word_1_252' title='bbox 1268 3135 1413 3213; x_wconf 92' lang='lat' dir='ltr'>interpres</span> <span class='ocrx_word' id='word_1_253' title='bbox 1438 3138 1602 3215; x_wconf 88' lang='lat' dir='ltr'>particulas</span> 
     </span>
     <span class='ocr_line' id='line_1_27' title="bbox 321 3225 1601 3325; baseline 0 -20"><span class='ocrx_word' id='word_1_254' title='bbox 321 3244 449 3305; x_wconf 85' lang='lat' dir='ltr'>Graecas</span> <span class='ocrx_word' id='word_1_255' title='bbox 465 3244 511 3319; x_wconf 90' lang='lat' dir='ltr'>(ut</span> <span class='ocrx_word' id='word_1_256' title='bbox 527 3244 587 3325; x_wconf 77' lang='grc' dir='ltr'>μέν,</span> <span class='ocrx_word' id='word_1_257' title='bbox 603 3241 645 3316; x_wconf 77' lang='grc' dir='ltr'>δέ,</span> <span class='ocrx_word' id='word_1_258' title='bbox 659 3244 725 3324; x_wconf 74' lang='grc' dir='ltr'>γάρ,</span> <span class='ocrx_word' id='word_1_259' title='bbox 742 3234 801 3314; x_wconf 79' lang='grc' dir='ltr'>οὖν,</span> <span class='ocrx_word' id='word_1_260' title='bbox 816 3241 858 3318; x_wconf 72' lang='grc' dir='ltr'>γέ,</span> <span class='ocrx_word' id='word_1_261' title='bbox 873 3240 917 3317; x_wconf 81' lang='grc' dir='ltr'>τέ)</span> <span class='ocrx_word' id='word_1_262' title='bbox 941 3242 1079 3318; x_wconf 79' lang='lat' dir='ltr'>neglexit.</span> <span class='ocrx_word' id='word_1_263' title='bbox 1104 3243 1148 3303; x_wconf 81' lang='lat' dir='ltr'>Ex</span> <span class='ocrx_word' id='word_1_264' title='bbox 1171 3243 1223 3304; x_wconf 84' lang='lat' dir='ltr'>tali</span> <span class='ocrx_word' id='word_1_265' title='bbox 1247 3242 1326 3303; x_wconf 89' lang='lat' dir='ltr'>enim</span> <span class='ocrx_word' id='word_1_266' title='bbox 1348 3225 1500 3320; x_wconf 87' lang='lat' dir='ltr'>diligentia</span> <span class='ocrx_word' id='word_1_267' title='bbox 1523 3245 1601 3307; x_wconf 93' lang='lat' dir='ltr'>nihil</span> 
     </span>
     <span class='ocr_line' id='line_1_28' title="bbox 324 3351 776 3430; baseline 0.004 -19"><span class='ocrx_word' id='word_1_268' title='bbox 324 3351 445 3411; x_wconf 92' lang='lat' dir='ltr'>omnino</span> <span class='ocrx_word' id='word_1_269' title='bbox 468 3352 581 3412; x_wconf 88' lang='lat' dir='ltr'>fructus</span> <span class='ocrx_word' id='word_1_270' title='bbox 605 3351 776 3430; x_wconf 86' lang='lat' dir='ltr'>percipitur.</span> 
     </span>
    </p>

    <p class='ocr_par' dir='ltr' id='par_1_7' title="bbox 322 3448 1595 3642">
     <span class='ocr_line' id='line_1_29' title="bbox 429 3448 1595 3535; baseline -0.004 -15"><span class='ocrx_word' id='word_1_271' title='bbox 429 3460 514 3522; x_wconf 88' lang='grc'><strong>1854</strong></span> <span class='ocrx_word' id='word_1_272' title='bbox 531 3479 548 3519; x_wconf 92' lang='lat' dir='ltr'>a</span> <span class='ocrx_word' id='word_1_273' title='bbox 565 3463 583 3522; x_wconf 87' lang='lat'>2</span> <span class='ocrx_word' id='word_1_274' title='bbox 601 3457 687 3531; x_wconf 85' lang='lat'>(178,</span> <span class='ocrx_word' id='word_1_275' title='bbox 706 3456 739 3530; x_wconf 86' lang='grc'>2)</span> <span class='ocrx_word' id='word_1_276' title='bbox 763 3455 960 3518; x_wconf 89' lang='lat' dir='ltr'>communiter</span> <span class='ocrx_word' id='word_1_277' title='bbox 983 3448 1039 3534; x_wconf 70' lang='grc' dir='ltr'>(ε</span> <span class='ocrx_word' id='word_1_278' title='bbox 1054 3459 1167 3524; x_wconf 80' lang='grc' dir='ltr'>κοινῶς,</span> <span class='ocrx_word' id='word_1_279' title='bbox 1191 3449 1287 3535; x_wconf 79' lang='grc' dir='ltr'><strong>κοινῇ)</strong></span> <span class='ocrx_word' id='word_1_280' title='bbox 1312 3486 1352 3499; x_wconf 89' lang='lat'>-</span> <span class='ocrx_word' id='word_1_281' title='bbox 1369 3454 1463 3518; x_wconf 79' lang='grc' dir='ltr'><strong>κοινά.</strong></span> <span class='ocrx_word' id='word_1_282' title='bbox 1487 3456 1595 3519; x_wconf 80' lang='lat' dir='ltr'>Referri</span> 
     </span>
     <span class='ocr_line' id='line_1_30' title="bbox 322 3555 873 3642; baseline -0.009 -17"><span class='ocrx_word' id='word_1_283' title='bbox 322 3571 418 3642; x_wconf 91' lang='lat' dir='ltr'>potest</span> <span class='ocrx_word' id='word_1_284' title='bbox 441 3566 612 3627; x_wconf 90' lang='lat' dir='ltr'>adverbium</span> <span class='ocrx_word' id='word_1_285' title='bbox 634 3565 672 3624; x_wconf 93' lang='lat' dir='ltr'>ad</span> <span class='ocrx_word' id='word_1_286' title='bbox 691 3555 873 3634; x_wconf 83' lang='grc' dir='ltr'>,,ἁπάντων“.</span> 
     </span>
    </p>

    <p class='ocr_par' dir='ltr' id='par_1_8' title="bbox 320 3658 1600 3850">
     <span class='ocr_line' id='line_1_31' title="bbox 428 3658 1600 3750; baseline -0.003 -14"><span class='ocrx_word' id='word_1_287' title='bbox 428 3677 514 3736; x_wconf 86' lang='grc'><strong>1354</strong></span> <span class='ocrx_word' id='word_1_288' title='bbox 530 3693 547 3733; x_wconf 92' lang='lat' dir='ltr'>a</span> <span class='ocrx_word' id='word_1_289' title='bbox 565 3675 605 3735; x_wconf 90' lang='grc'>10</span> <span class='ocrx_word' id='word_1_290' title='bbox 629 3672 717 3746; x_wconf 89' lang='grc'><strong>(178,</strong></span> <span class='ocrx_word' id='word_1_291' title='bbox 736 3671 790 3743; x_wconf 85' lang='grc'>10)</span> <span class='ocrx_word' id='word_1_292' title='bbox 813 3670 901 3730; x_wconf 90' lang='lat' dir='ltr'>huius</span> <span class='ocrx_word' id='word_1_293' title='bbox 925 3687 1048 3729; x_wconf 88' lang='lat' dir='ltr'>causam</span> <span class='ocrx_word' id='word_1_294' title='bbox 1065 3699 1105 3710; x_wconf 92' lang='lat'><em>—</em></span> <span class='ocrx_word' id='word_1_295' title='bbox 1122 3664 1175 3750; x_wconf 67' lang='lat' dir='ltr'>thr</span> <span class='ocrx_word' id='word_1_296' title='bbox 1198 3658 1299 3728; x_wconf 77' lang='grc' dir='ltr'><strong>αἰτίαν.</strong></span> <span class='ocrx_word' id='word_1_297' title='bbox 1331 3669 1520 3748; x_wconf 87' lang='lat' dir='ltr'>Superssuum</span> <span class='ocrx_word' id='word_1_298' title='bbox 1534 3690 1600 3750; x_wconf 90' lang='lat' dir='ltr'>pro·</span> 
     </span>
     <span class='ocr_line' id='line_1_32' title="bbox 320 3773 865 3850; baseline -0.006 -10"><span class='ocrx_word' id='word_1_299' title='bbox 320 3798 428 3841; x_wconf 90' lang='lat' dir='ltr'>nomen</span> <span class='ocrx_word' id='word_1_300' title='bbox 450 3773 552 3837; x_wconf 71' lang='grc' dir='ltr'><strong>τοὺτου</strong></span> <span class='ocrx_word' id='word_1_301' title='bbox 575 3777 694 3839; x_wconf 87' lang='lat' dir='ltr'>exhibet</span> <span class='ocrx_word' id='word_1_302' title='bbox 717 3776 806 3837; x_wconf 88' lang='lat' dir='ltr'>etiam</span> <span class='ocrx_word' id='word_1_303' title='bbox 829 3775 865 3850; x_wconf 86' lang='lat' dir='ltr'>Q.</span> 
     </span>
    </p>

    <p class='ocr_par' dir='ltr' id='par_1_9' title="bbox 318 3876 1603 4286">
     <span class='ocr_line' id='line_1_33' title="bbox 427 3876 1602 3966; baseline -0.003 -17"><span class='ocrx_word' id='word_1_304' title='bbox 427 3889 513 3949; x_wconf 87' lang='lat'><strong>1354</strong></span> <span class='ocrx_word' id='word_1_305' title='bbox 537 3904 555 3947; x_wconf 87' lang='lat' dir='ltr'>a</span> <span class='ocrx_word' id='word_1_306' title='bbox 579 3889 619 3950; x_wconf 91' lang='grc'>12</span> <span class='ocrx_word' id='word_1_307' title='bbox 645 3876 734 3962; x_wconf 82' lang='grc'><strong>(178,</strong></span> <span class='ocrx_word' id='word_1_308' title='bbox 760 3876 815 3959; x_wconf 88' lang='grc'>18)</span> <span class='ocrx_word' id='word_1_309' title='bbox 843 3882 941 3961; x_wconf 90' lang='lat' dir='ltr'>adepti</span> <span class='ocrx_word' id='word_1_310' title='bbox 965 3890 1089 3944; x_wconf 89' lang='lat' dir='ltr'>sunt-</span> <span class='ocrx_word' id='word_1_311' title='bbox 1106 3882 1311 3966; x_wconf 62' lang='lat' dir='ltr'>accerrimum</span> <span class='ocrx_word' id='word_1_312' title='bbox 1335 3905 1428 3963; x_wconf 84' lang='lat' dir='ltr'>marg.</span> <span class='ocrx_word' id='word_1_313' title='bbox 1452 3885 1492 3947; x_wconf 78' lang='lat' dir='ltr'>A⁰</span> <span class='ocrx_word' id='word_1_314' title='bbox 1506 3900 1602 3945; x_wconf 81' lang='grc' dir='ltr'>πεπο-</span> 
     </span>
     <span class='ocr_line' id='line_1_34' title="bbox 318 3987 1603 4072; baseline 0.004 -23"><span class='ocrx_word' id='word_1_315' title='bbox 318 3987 425 4070; x_wconf 79' lang='grc' dir='ltr'><strong>ρίκααι.</strong></span> <span class='ocrx_word' id='word_1_316' title='bbox 481 3991 556 4052; x_wconf 86' lang='lat' dir='ltr'>Cum</span> <span class='ocrx_word' id='word_1_317' title='bbox 587 3992 732 4068; x_wconf 88' lang='lat' dir='ltr'>interpres</span> <span class='ocrx_word' id='word_1_318' title='bbox 763 3989 887 4067; x_wconf 90' lang='lat' dir='ltr'>ubique,</span> <span class='ocrx_word' id='word_1_319' title='bbox 915 3993 994 4068; x_wconf 90' lang='lat' dir='ltr'>quod</span> <span class='ocrx_word' id='word_1_320' title='bbox 1024 3990 1225 4067; x_wconf 87' lang='lat' dir='ltr'>meminerim,</span> <span class='ocrx_word' id='word_1_321' title='bbox 1257 3989 1381 4072; x_wconf 72' lang='grc' dir='ltr'><strong>πορίζειν</strong></span> <span class='ocrx_word' id='word_1_322' title='bbox 1410 3993 1499 4054; x_wconf 87' lang='lat' dir='ltr'>verbo</span> <span class='ocrx_word' id='word_1_323' title='bbox 1533 4013 1603 4054; x_wconf 85' lang='lat' dir='ltr'>ac-</span> 
     </span>
     <span class='ocr_line' id='line_1_35' title="bbox 318 4093 1601 4179; baseline 0.005 -20"><span class='ocrx_word' id='word_1_324' title='bbox 318 4099 475 4177; x_wconf 90' lang='lat' dir='ltr'>quirere</span> <span class='ocrx_word' id='word_1_325' title='bbox 497 4098 608 4171; x_wconf 87' lang='lat' dir='ltr'>reddat,</span> <span class='ocrx_word' id='word_1_326' title='bbox 632 4098 721 4159; x_wconf 87' lang='lat' dir='ltr'>verbo</span> <span class='ocrx_word' id='word_1_327' title='bbox 745 4097 915 4176; x_wconf 86' lang='lat' dir='ltr'>adipisci</span> <span class='ocrx_word' id='word_1_328' title='bbox 943 4106 1042 4159; x_wconf 91' lang='lat' dir='ltr'>autem</span> <span class='ocrx_word' id='word_1_329' title='bbox 1058 4117 1117 4158; x_wconf 93' lang='lat' dir='ltr'>uno</span> <span class='ocrx_word' id='word_1_330' title='bbox 1133 4100 1199 4159; x_wconf 92' lang='lat' dir='ltr'>loco</span> <span class='ocrx_word' id='word_1_331' title='bbox 1227 4093 1357 4179; x_wconf 88' lang='lat' dir='ltr'>(1387b</span> <span class='ocrx_word' id='word_1_332' title='bbox 1375 4104 1536 4175; x_wconf 84' lang='lat'>5:262,</span> <span class='ocrx_word' id='word_1_333' title='bbox 1557 4105 1601 4165; x_wconf 91' lang='grc'>30</span> 
     </span>
     <span class='ocr_line' id='line_1_36' title="bbox 318 4197 1603 4286; baseline 0.005 -23"><span class='ocrx_word' id='word_1_334' title='bbox 318 4201 450 4264; x_wconf 77' lang='grc' dir='ltr'><strong>κτᾶσθαι</strong></span> <span class='ocrx_word' id='word_1_335' title='bbox 473 4224 514 4260; x_wconf 89' lang='lat'>=</span> <span class='ocrx_word' id='word_1_336' title='bbox 540 4197 695 4284; x_wconf 77' lang='lat' dir='ltr'>adipisci*)</span> <span class='ocrx_word' id='word_1_337' title='bbox 724 4203 803 4265; x_wconf 90' lang='lat' dir='ltr'>aliud</span> <span class='ocrx_word' id='word_1_338' title='bbox 831 4206 954 4265; x_wconf 89' lang='lat' dir='ltr'>verbum</span> <span class='ocrx_word' id='word_1_339' title='bbox 976 4205 1154 4282; x_wconf 87' lang='lat' dir='ltr'>respondeat</span> <span class='ocrx_word' id='word_1_340' title='bbox 1182 4224 1217 4265; x_wconf 87' lang='lat' dir='ltr'>ac</span> <span class='ocrx_word' id='word_1_341' title='bbox 1246 4204 1410 4286; x_wconf 72' lang='grc' dir='ltr'><strong>τυγχάνειν,</strong></span> <span class='ocrx_word' id='word_1_342' title='bbox 1442 4207 1499 4268; x_wconf 91' lang='lat' dir='ltr'>hoc</span> <span class='ocrx_word' id='word_1_343' title='bbox 1522 4227 1603 4285; x_wconf 86' lang='lat' dir='ltr'>quo·</span> 
     </span>
    </p>
   </div>
   <div class='ocr_carea' id='block_1_7' title="bbox 324 4318 524 4331">
    <p class='ocr_par' dir='ltr' id='par_1_10' title="bbox 324 4318 524 4331">
     <span class='ocr_line' id='line_1_37' title="bbox 324 4318 524 4331; baseline -0.01 0"><span class='ocrx_word' id='word_1_344' title='bbox 324 4318 492 4331; x_wconf 52' lang='grc' dir='ltr'>-μ--μ-</span> <span class='ocrx_word' id='word_1_345' title='bbox 518 4318 524 4323; x_wconf 79' lang='grc'><em>·</em></span> 
     </span>
    </p>
   </div>
   <div class='ocr_carea' id='block_1_8' title="bbox 319 4319 1602 4610">
    <p class='ocr_par' dir='ltr' id='par_1_11' title="bbox 319 4319 1602 4610">
     <span class='ocr_line' id='line_1_38' title="bbox 426 4319 1600 4429; baseline 0 -14"><span class='ocrx_word' id='word_1_346' title='bbox 426 4360 452 4429; x_wconf 77' lang='lat' dir='ltr'>*l</span> <span class='ocrx_word' id='word_1_347' title='bbox 472 4319 530 4415; x_wconf 84' lang='lat' dir='ltr'>Hac</span> <span class='ocrx_word' id='word_1_348' title='bbox 549 4358 726 4415; x_wconf 86' lang='lat' dir='ltr'>adnotatione</span> <span class='ocrx_word' id='word_1_349' title='bbox 745 4358 877 4428; x_wconf 89' lang='lat' dir='ltr'>corrigere</span> <span class='ocrx_word' id='word_1_350' title='bbox 904 4357 1006 4428; x_wconf 89' lang='lat' dir='ltr'>possis,</span> <span class='ocrx_word' id='word_1_351' title='bbox 1035 4359 1109 4428; x_wconf 88' lang='lat' dir='ltr'>quod</span> <span class='ocrx_word' id='word_1_352' title='bbox 1127 4358 1243 4428; x_wconf 88' lang='lat' dir='ltr'>Spengel</span> <span class='ocrx_word' id='word_1_353' title='bbox 1270 4359 1391 4416; x_wconf 82' lang='lat' dir='ltr'>affirmat</span> <span class='ocrx_word' id='word_1_354' title='bbox 1418 4360 1447 4414; x_wconf 92' lang='lat' dir='ltr'>in</span> <span class='ocrx_word' id='word_1_355' title='bbox 1466 4377 1499 4414; x_wconf 89' lang='lat' dir='ltr'>eo</span> <span class='ocrx_word' id='word_1_356' title='bbox 1517 4360 1600 4428; x_wconf 89' lang='lat' dir='ltr'>libro,</span> 
     </span>
     <span class='ocr_line' id='line_1_39' title="bbox 319 4439 1602 4522; baseline 0.001 -17"><span class='ocrx_word' id='word_1_357' title='bbox 319 4450 366 4522; x_wconf 86' lang='lat' dir='ltr'>qui</span> <span class='ocrx_word' id='word_1_358' title='bbox 385 4451 554 4506; x_wconf 77' lang='lat' dir='ltr'>inscribitur:</span> <span class='ocrx_word' id='word_1_359' title='bbox 579 4439 650 4505; x_wconf 80' lang='lat' dir='ltr'>[lber</span> <span class='ocrx_word' id='word_1_360' title='bbox 674 4445 718 4502; x_wconf 88' lang='lat' dir='ltr'>die</span> <span class='ocrx_word' id='word_1_361' title='bbox 736 4445 868 4502; x_wconf 84' lang='lat' dir='ltr'>Rhetorik</span> <span class='ocrx_word' id='word_1_362' title='bbox 888 4448 935 4501; x_wconf 91' lang='lat' dir='ltr'>des</span> <span class='ocrx_word' id='word_1_363' title='bbox 955 4447 1036 4503; x_wconf 86' lang='lat' dir='ltr'>Arist.</span> <span class='ocrx_word' id='word_1_364' title='bbox 1058 4444 1123 4501; x_wconf 83' lang='lat'>1851</span> <span class='ocrx_word' id='word_1_365' title='bbox 1150 4464 1177 4518; x_wconf 89' lang='lat' dir='ltr'>p.</span> <span class='ocrx_word' id='word_1_366' title='bbox 1197 4446 1243 4504; x_wconf 80' lang='lat'>53:</span> <span class='ocrx_word' id='word_1_367' title='bbox 1269 4448 1416 4519; x_wconf 84' lang='lat' dir='ltr'>„adipisci‘⁴</span> <span class='ocrx_word' id='word_1_368' title='bbox 1446 4450 1602 4519; x_wconf 88' lang='lat' dir='ltr'>gebraucht</span> 
     </span>
     <span class='ocr_line' id='line_1_40' title="bbox 319 4535 1060 4610; baseline -0.008 -12"><span class='ocrx_word' id='word_1_369' title='bbox 319 4556 349 4599; x_wconf 86' lang='lat' dir='ltr'>er</span> <span class='ocrx_word' id='word_1_370' title='bbox 367 4557 447 4607; x_wconf 88' lang='lat' dir='ltr'>nur,</span> <span class='ocrx_word' id='word_1_371' title='bbox 465 4554 545 4594; x_wconf 79' lang='lat' dir='ltr'>wenn</span> <span class='ocrx_word' id='word_1_372' title='bbox 564 4539 602 4594; x_wconf 89' lang='lat' dir='ltr'>im</span> <span class='ocrx_word' id='word_1_373' title='bbox 621 4535 816 4593; x_wconf 82' lang='lat' dir='ltr'>Grieebisehen</span> <span class='ocrx_word' id='word_1_374' title='bbox 834 4536 961 4610; x_wconf 69' lang='grc' dir='ltr'><strong>τυγχάνειν</strong></span> <span class='ocrx_word' id='word_1_375' title='bbox 979 4535 1060 4592; x_wconf 84' lang='lat' dir='ltr'>steht.</span> 
     </span>
    </p>
   </div>
   <div class='ocr_carea' id='block_1_9' title="bbox 0 0 1726 5246">
    <p class='ocr_par' dir='ltr' id='par_1_12' title="bbox 0 0 1726 5246">
     <span class='ocr_line' id='line_1_41' title="bbox 0 0 1726 5246; baseline 0 2"><span class='ocrx_word' id='word_1_376' title='bbox 0 0 1726 5246; x_wconf 95' lang='lat' dir='ltr'> </span> 
     </span>
    </p>
   </div>
  </div>
 </body>
</html>
