3442 5246
659 328 789 439 ..χορ
837 401 875 419 ..

113 585 226 641 -aut
249 573 330 638 enim
352 578 555 634 memorantes
579 572 726 648 quomodo
747 571 987 648 adipiscebantur
1009 577 1060 633 aut
1083 576 1237 650 sperantes
1258 567 1406 649 quomodo

112 686 330 764 adipiscentur.
349 710 389 722 -
409 681 492 742 1371
518 679 538 738 1)
563 681 603 741 15
627 672 789 758 (223,17)
813 669 885 735 toa
907 675 960 736 καὶ
982 669 1013 736 αἱ
1033 676 1186 759 παροιμίαι
1207 671 1342 759 εἴρηνται,
1366 667 1407 744 ὣς

112 786 185 875 ἧλιξ
203 784 297 872 ἥλικα
317 777 416 865 τέρπει
438 781 491 842 καὶ
513 775 555 851 ὡς
578 776 625 842 ἀεὶ
646 782 695 842 τὸν
718 775 875 863 ὁμοῖον-
893 786 971 846 unde
995 794 1023 847 et
1047 785 1202 864 proverbia
1224 785 1303 846 dicta
1326 791 1405 857 sunt,

119 898 272 978 quomodo
295 901 456 955 coetaneus
480 898 652 951 coetanenm
677 891 811 965 delectat,
837 898 865 951 et
888 893 1036 969 quomodo
1060 913 1178 970 semper
1201 891 1338 952 similem.
1366 922 1404 933 -

118 1008 205 1070 1377
232 1023 251 1063 a
275 1004 315 1066 13
340 991 429 1077 (237,
455 992 511 1077 23)
535 992 587 1053 καὶ
609 987 650 1063 ὡς
673 988 758 1063 οὗτος
779 988 796 1055 ὁ
818 991 950 1064 κίνδυνος
977 996 1113 1077 κρείττων
1137 1032 1177 1041 -
1202 1005 1232 1058 et
1258 999 1406 1076 quomodo

118 1111 201 1173 istud
217 1107 383 1188 periculum
399 1104 506 1167 maius.
517 1134 556 1145 -
576 1106 660 1166 1385
674 1123 691 1163 a
705 1106 743 1166 11
763 1103 850 1177 (257,
871 1099 925 1184 12)
939 1095 1009 1161 ἰδὼν
1024 1148 1031 1162 .
1045 1151 1051 1166 .
1066 1147 1073 1162 .
1088 1096 1129 1171 ὡς
1144 1098 1237 1183 ᾔεσαν
1253 1136 1289 1148 -
1304 1105 1407 1165 videns

207 1213 356 1293 quomodo
385 1210 584 1271 eliciebantur.
631 1210 744 1270 Deinde
773 1210 867 1270 tribus
890 1211 1025 1271 versibus
1055 1219 1140 1288 post:
1170 1205 1261 1293 δῆλον
1290 1201 1331 1277 ὡς
1348 1254 1356 1271 .
1373 1253 1405 1275 ..

127 1314 321 1403 εὐπορήσομεν
336 1349 376 1360 -
390 1318 491 1394 palam
503 1317 651 1394 quomodo
665 1365 672 1380 .
687 1362 694 1376 .
709 1367 715 1380 .
730 1363 737 1376 .
750 1316 998 1377 habundabimns.
1011 1347 1048 1359 -
1065 1319 1177 1381 13931)
1192 1320 1232 1380 12
1250 1309 1406 1396 (277,10)

131 1421 205 1486 εἶπεν
228 1417 323 1490 ninom
342 1420 431 1499 legor
454 1414 495 1489 ὡς
514 1413 604 1489 ἵππος
625 1426 746 1503 κατεῖχε
768 1418 898 1501 λειμῶνα
913 1454 953 1465 -
971 1422 1147 1484 (11111ευ1υ)
1163 1424 1312 1483 fabulam:
1337 1442 1408 1500 quo·

138 1534 226 1593 modo
248 1549 336 1608 equus
357 1528 505 1588 obtinebat
529 1535 656 1606 pratum.
676 1558 715 1569 -
740 1533 825 1592 1416
850 1549 868 1588 a
892 1531 932 1592 29
956 1523 1045 1608 (332,
1066 1524 1100 1604 3)
1124 1532 1344 1609 κατηγοροῦντα
1366 1520 1408 1595 ὡς

144 1630 248 1716 ἀσεβής
263 1666 298 1678 -
313 1639 511 1709 accusantem,
536 1637 685 1712 quomodo
708 1634 813 1712 ipsius.
832 1666 871 1675 —
891 1638 974 1698 1417
993 1636 1067 1698 b34
1078 1627 1167 1712 (336,
1184 1634 1218 1701 4)
1241 1625 1272 1692 ἐν
1294 1628 1327 1692 δὲ
1349 1635 1409 1701 τοῖς

141 1736 334 1822 δημηγορικοῖς
355 1732 376 1821 ἢ
400 1732 441 1807 ὡς
463 1731 519 1798 οὒκ
541 1733 621 1797 ἔσται
644 1733 890 1822 ἀμφισβητήσειεν
911 1733 947 1798 ἄν
968 1757 1019 1811 τις,
1042 1731 1062 1821 ἢ
1083 1732 1124 1806 ὡς
1140 1733 1219 1798 ἔσται
1236 1771 1277 1782 -
1294 1739 1325 1800 in
1341 1759 1409 1800 con·

133 1844 278 1907 cinnativis
300 1854 410 1920 autem,
435 1847 584 1924 quomodo
606 1866 666 1906 non
690 1853 785 1919 erunt,
809 1847 955 1908 dubitabit
970 1848 1071 1925 utique
1089 1846 1167 1924 quie,
1192 1855 1243 1907 aut
1258 1847 1408 1926 quomodo

130 1952 192 2013 erit.
217 1984 255 1994 ·-
278 1953 334 2013 His
359 1952 663 2032 exemplis‚.quibus‚
689 1953 714 2012 si
737 1959 817 2012 esset
838 1972 976 2027 necesse,
1002 1955 1088 2031 plura
1116 1952 1236 2029 adiungi
1263 1958 1407 2031 poterant,

130 2057 264 2136 Spengeli
286 2060 489 2120 coniecturam
512 2079 579 2120 esse
601 2059 779 2119 reiciendam
803 2066 935 2136 apparet.
966 2060 1027 2121 Nec
1050 2060 1147 2136 magis
1167 2060 1242 2121 mihi
1268 2060 1410 2137 probatur

127 2165 187 2226 alia
209 2165 297 2226 huius
321 2166 375 2225 viri
398 2166 580 2239 coniectura;
610 2165 736 2242 legimus
759 2165 839 2225 enirn
860 2169 944 2229 1371
970 2167 989 2226 1)
1013 2170 1055 2229 30
1079 2159 1169 2242 (224,
1196 2161 1228 2244 2)
1257 2157 1330 2223 εἶναι
1357 2163 1410 2222 καὶ

124 2268 158 2328 τὸ
181 2264 285 2352 ἄρχειν
311 2302 347 2315 -
373 2291 462 2333 esse
485 2279 521 2333 et
543 2272 742 2345 subicere,
771 2272 851 2349 quod
875 2272 1003 2350 Spengel
1033 2273 1106 2332 nihil
1133 2279 1290 2333 cunctatus
1313 2278 1410 2331 mutat

122 2378 221 2439 verbis
251 2397 339 2438 esse
368 2386 403 2439 et
433 2379 621 2455 subigere.
668 2378 790 2461 Utinam
819 2397 956 2453 causam,
987 2394 1040 2439 cur
1067 2387 1208 2451 mutaret,
1233 2379 1407 2440 addidisset!

121 2482 195 2543 Mihi
218 2483 338 2561 quidem
361 2484 515 2561 diligenter
537 2484 696 2563 inquirenti
719 2503 778 2546 non
802 2485 905 2561 obtigit
928 2485 1021 2545 ullam
1050 2484 1189 2545 invenire.
1221 2484 1261 2544 At
1279 2484 1336 2545 hoc
1351 2483 1411 2545 ridi

122 2588 191 2649 aliis
214 2589 289 2649 locis
311 2590 468 2650 lectionem
491 2591 627 2652 codicum
649 2591 778 2665 firmari3
802 2591 928 2668 legimus
951 2591 1047 2652 enim:
1073 2595 1158 2655 1379
1175 2612 1193 2652 a
1209 2595 1228 2654 3
1247 2591 1335 2666 (242,
1353 2585 1409 2672 11)

121 2688 228 2774 ἄρχον
250 2688 418 2776 ἀρχομένου
444 2728 482 2738 -
509 2698 681 2777 principans
705 2698 888 2771 subiectum
913 2697 1049 2775 proximo
1073 2696 1231 2758 inversu:
1255 2700 1307 2755 τοῦ
1329 2689 1409 2776 ἄρχ-

119 2796 213 2859 εσθαι
234 2793 374 2868 ἀξίου-
392 2821 469 2877 eum,
494 2803 545 2881 qui
567 2804 674 2880 dignus
699 2803 821 2877 subiici;
846 2808 930 2869 1379
947 2805 966 2864 1)
983 2809 1024 2868 29
1042 2804 1129 2878 (244,
1151 2799 1206 2884 13)
1226 2796 1411 2884 ἀρχομένοῦς

122 2937 164 2951 ·-
192 2908 351 2969 subiectos.
884 2989 891 2999 Ι

234 3018 318 3079 1359
343 3038 362 3077 a
385 3019 425 3081 13
451 3010 540 3098 (190,
566 3018 620 3090 23)
650 3013 688 3075 τὰ
710 3014 763 3096 μὲν
785 3013 962 3097 πεπρᾶχθαι
984 3015 1021 3075 τὰ
1043 3011 1076 3074 δὲ
1103 3012 1342 3098 πραχθήσεσθαι
1369 3048 1405 3061 -

121 3153 163 3164 -
190 3122 265 3182 haec
287 3123 405 3201 quidem
430 3131 496 3185 acta
518 3143 585 3183 esse
608 3122 639 3184 in
663 3124 828 3201 praeterito,
852 3124 926 3184 haec
949 3131 1049 3184 autem
1072 3122 1103 3183 in
1129 3123 1228 3183 futuro
1251 3123 1316 3200 agi3
1341 3142 1410 3186 cum

118 3228 198 3289 haec
222 3231 311 3291 rerba
332 3231 433 3292 omnia
455 3230 545 3290 etiam
568 3229 599 3290 in
629 3230 730 3290 codice
753 3250 783 3290 m
807 3231 951 3305 legantur,
976 3230 1102 3291 tenenda
1125 3235 1204 3293 sunt.

238 3339 322 3401 1359
338 3338 359 3398 1)
375 3341 415 3400 37
441 3337 529 3412 (192,
555 3333 611 3409 29)
634 3328 716 3393 ἀλλὰ
737 3333 868 3394 καὶτῶν
890 3327 1007 3416 ὁμόρων
1029 3364 1068 3379 -
1094 3335 1146 3396 sed
1176 3342 1205 3397 et
1227 3343 1332 3397 contra
1359 3335 1410 3398 ali.

119 3462 227 3515 orum;
251 3461 299 3504 m:
323 3444 431 3517 alium3
455 3462 524 3503 cum
547 3443 571 3501 Ε
593 3441 730 3503 exhibeat
753 3443 882 3518 alium,
914 3443 1042 3522 Spengel
1075 3441 1262 3504 conciectura
1289 3443 1409 3506 confi·

122 3550 229 3611 nium
259 3549 395 3611 Latinam
435 3549 661 3610 translationem
693 3549 790 3610 verbis
825 3550 947 3611 Graecis
981 3557 1084 3628 aptare
1119 3549 1227 3611 studet.
1281 3549 1346 3609 Hoc
1376 3558 1410 3612 ut

120 3656 258 3733 probem,
282 3675 300 3716 a
322 3675 371 3716 me
393 3676 453 3716 non
476 3675 600 3735 possum
623 3656 798 3734 impetrare3
822 3657 916 3717 multo
939 3657 1017 3717 enim
1041 3655 1101 3717 veri
1118 3653 1245 3716 similius
1261 3663 1307 3715 est
1322 3655 1410 3719 inter·

119 3769 237 3840 pretam
261 3762 292 3822 in
314 3762 390 3823 libro
421 3782 475 3823 suo
504 3762 652 3823 invenisse
674 3755 737 3820 ἀντὶ
758 3756 867 3824 ἄλλων.
915 3763 1012 3837 Quam
1040 3765 1216 3825 mendosam
1239 3762 1406 3839 lectionem,

119 3867 149 3929 si
174 3867 256 3941 velis,
281 3868 323 3929 ita
346 3888 452 3929 sanare
475 3868 584 3948 possis,
609 3876 642 3929 ut
656 3876 707 3930 ant
722 3861 793 3943 ἀντί,
818 3870 897 3947 quod
912 3888 1011 3931 errore
1034 3869 1222 3930 librariorum
1245 3868 1407 3949 irrepserit,

118 3973 291 4036 delessent
313 3975 443 4037 conicias
466 3968 638 4037 ἀντιπάλων.
685 3975 860 4055 Utrumque,
884 3984 913 4039 et
936 3968 1036 4035 ἄλλον
1058 3985 1087 4037 et
1102 3969 1280 4054 ἀντιπάλων,
1305 3977 1408 4039 sensui

118 4090 152 4142 et
176 4080 296 4142 dictioni
321 4082 490 4161 philosophi
512 4084 587 4144 bene
609 4082 753 4144 convenit.

233 4190 317 4252 1360
341 4191 360 4250 b
385 4194 425 4253 38
450 4184 537 4269 (195,
555 4195 609 4263 14)
633 4189 841 4268 Comparatiro
863 4185 1075 4271 πρεσβυτέρους
1098 4191 1259 4269 respondet
1281 4208 1407 4268 senes,

119 4313 202 4372 quae
224 4294 310 4355 lectio
327 4295 484 4374 Spengelio
508 4316 648 4372 magnam
664 4297 865 4375 suspicionem
880 4305 987 4374 movet,
1011 4304 1044 4360 ut
1065 4297 1261 4359 mutationem
1285 4299 1408 4360 senio·

120 4420 188 4463 res
211 4411 366 4481 proponat.
413 4402 458 4464 Ne
480 4404 509 4464 id
532 4403 651 4481 quidem
674 4404 777 4482 probo,
802 4423 871 4465 eum
894 4405 962 4466 aliis
986 4424 1104 4483 quoque
1126 4404 1200 4466 locis
1228 4404 1307 4465 hunc
1329 4423 1408 4467 com·

120 4509 291 4592 peraticum
313 4510 424 4591 pariter
446 4509 631 4574 substantivo
654 4528 767 4575 senes
789 4511 937 4574 redditum
959 4531 1027 4575 esse
1048 4512 1175 4575 rideam.
1213 4510 1262 4573 An
1276 4510 1408 4591 Spengel

1171 4611 1189 4669 a
1297 4660 1300 4671 .
