3442 5246
846 380 1060 454 ..44-

423 587 507 650 1378
533 606 551 648 a
574 588 614 650 32
640 579 727 666 (249,
753 584 807 661 25)
835 577 855 667 i)
878 589 934 644 τῶν
957 574 1059 656 αὑτοῦ,
1086 589 1137 647 τοί
1160 577 1309 668 ὀλιγωρεῖν
1331 585 1373 670 μή
1395 591 1597 674 προσήκοντος

318 722 357 734 -·
378 690 522 770 interpres
546 692 666 771 praebet
689 693 768 755 hunc
791 693 890 754 locum
914 694 1105 774 depravatum
1128 701 1161 755 ut
1184 695 1290 769 QYZ:
1314 686 1335 776 ἢ
1359 686 1400 763 εἰς
1424 688 1512 758 αὑτοῦ
1534 697 1598 759 τινὰ
1710 686 1711 689 “

315 796 357 880 μή
380 798 594 880 προσηκόντως.

423 909 507 975 1378
532 908 551 967 b
577 912 617 970 23
642 907 731 981 (241,
758 903 812 987 25)
841 905 974 985 πράττειν
1000 905 1052 967 καί
1079 904 1171 985 λέγειν
1196 942 1235 953 -
1260 905 1394 988 βλάπτειν
1417 910 1469 971 καί
1496 908 1599 974 λοπείν

314 1018 346 1072 ut
369 1014 527 1075 deteriores
551 1014 678 1075 codices.

422 1123 505 1183 1382
523 1141 541 1181 a
558 1124 576 1183 8
593 1116 680 1199 (249,
699 1111 754 1200 27)
776 1117 828 1178 καὶ
842 1116 875 1178 τὸ
896 1118 949 1200 μέν
964 1115 1059 1203 λάπης
1078 1114 1184 1203 ἔφεσις,
1209 1120 1241 1182 τὸ
1265 1117 1297 1181 δέ
1312 1127 1409 1182 κακοῦ
1425 1155 1463 1167 -
1481 1125 1507 1199 Q
1519 1128 1544 1188 Y
1556 1129 1594 1192 Z:

312 1218 364 1281 καὶ
386 1215 406 1305 ή
429 1224 482 1305 μέν
504 1231 554 1284 τοῦ
576 1222 728 1308 λομπησαι
750 1217 869 1308 ἐφίεται,
892 1217 912 1307 ή
935 1221 968 1284 δὲ
990 1231 1039 1284 τοῦ
1062 1233 1202 1286 κακῶσαι
1223 1224 1346 1309 μᾶλλον.
1370 1261 1407 1273 -
1430 1231 1594 1312 interpres:
1712 1246 1713 1269 ¹

313 1337 342 1390 et
367 1330 405 1395 .h.
430 1334 549 1410 quidem
572 1334 747 1395 contristare
771 1334 891 1411 appetit,
916 1333 973 1394 boc
997 1341 1096 1395 autem
1119 1355 1225 1395 nocere
1248 1336 1354 1412 magis

421 1444 505 1503 1383
523 1442 594 1503 522
617 1433 705 1518 (254,
721 1433 753 1519 5)
775 1439 814 1500 11ο
830 1440 907 1501 male
923 1459 973 1499 om
995 1432 1015 1520 i)
1038 1433 1087 1499 ὅτε
1110 1439 1152 1522 μή
1175 1435 1219 1498 δεῖ
1234 1475 1273 1485 -
1292 1443 1380 1504 habet
1403 1464 1472 1506 cum
1487 1446 1593 1519 QYZ.

422 1551 507 1610 1384
531 1568 548 1608 a
573 1551 613 1612 14
638 1548 730 1621 (254,
756 1543 811 1626 29)
846 1547 883 1606 Et
905 1547 1051 1624 interpres
1075 1555 1103 1608 et
1126 1548 1285 1608 deteriores
1315 1559 1433 1628 propter
1457 1552 1593 1614 similiter

312 1653 422 1714 cadens
446 1656 547 1715 eadem
571 1674 677 1714 novem
699 1655 788 1714 verba
811 1654 959 1727 omittunt,
985 1674 1060 1731 quae
1083 1654 1113 1714 in
1136 1654 1175 1714 Αο
1205 1662 1368 1718 servantur.

420 1764 504 1825 1385
529 1782 547 1822 a
572 1765 613 1824 14
637 1756 724 1840 (257,
751 1760 804 1834 16)
828 1761 906 1821 male
930 1750 1091 1840 εὑρήσομεν
1119 1793 1154 1804 -
1182 1752 1379 1843 εὐπορήσομεν
1401 1781 1468 1821 eum
1485 1763 1585 1835 QYZ.

420 1871 504 1932 1336
528 1888 546 1928 a
570 1872 610 1930 32
636 1860 723 1947 (260,
750 1861 805 1946 17)
830 1868 908 1928 male
930 1858 1069 1949 αἰσθήσει
1093 1897 1133 1909 n-
1157 1859 1261 1949 ὲσδήτι
1284 1887 1350 1927 oum
1374 1867 1434 1940 ΟΥ
1447 1868 1478 1928 Ζ.

419 1978 502 2037 1388
528 1996 545 2036 a
571 1979 610 2039 16
636 1968 729 2054 (264,
755 1973 809 2048 17)
832 1975 928 2036 Verba
956 1971 1090 2042 καὶτοῖς
1117 1972 1408 2056 ταχὺ...τοχόντες
1433 1968 1591 2056 ρδονοῦσιν

311 2080 404 2140 codex
427 2080 501 2144 Aep
527 2082 660 2143 versibus
686 2082 833 2159 posterius
857 2102 996 2158 quamv.
1022 2090 1057 2142 tr.
1082 2090 1111 2144 et
1133 2083 1293 2143 deteriores
1317 2081 1443 2141 exhibet.

418 2191 502 2252 1396
519 2210 537 2250 a
554 2194 571 2251 5
592 2188 679 2263 (282,
698 2188 753 2262 24)
776 2185 828 2245 καί
851 2186 888 2245 τὰ
911 2185 1002 2266 τοίιτιρ
1021 2220 1058 2230 -
1076 2186 1154 2247 κατὰ
1177 2186 1279 2246 τοίτοο
1303 2208 1373 2249 cum
1395 2186 1503 2259 QYZ,
1527 2205 1592 2246 cor·
1714 2160 1715 2189 ³

309 2290 430 2368 riganda
453 2301 498 2356 est
521 2295 578 2357 hoo
602 2297 667 2356 loco
691 2295 829 2371 Spengeli
854 2295 1015 2358 adnotatio.

416 2404 499 2465 1397
524 2422 542 2461 a
567 2405 607 2464 28
632 2401 719 2474 (285,
745 2394 800 2480 21)
824 2392 951 2459 πείσαντι
974 2393 994 2480 ἢ
1017 2401 1175 2479 ποιήσαντι.
1203 2432 1240 2443 -
1265 2420 1293 2460 v.
1310 2408 1346 2460 tr.
1372 2408 1400 2460 et
1419 2399 1590 2479 deteriores

309 2509 450 2585 praebent
480 2509 580 2568 loeurn
611 2527 700 2585 prave
731 2512 867 2567 auctum:
907 2505 1057 2586 ποιήσαντι
1086 2502 1139 2563 καί
1170 2496 1195 2562 εί
1224 2510 1265 2581 τῷ
1295 2505 1445 2586 ποιήσαντι
1474 2501 1593 2583 καὶτῷ

308 2610 476 2672 πεπονθότι.

417 2724 500 2783 1391
526 2722 545 2780 b
572 2723 610 2783 15
636 2720 723 2795 (236,
750 2720 804 2792 11)
828 2719 883 2780 Αίι
907 2716 941 2777 τά
964 2712 990 2775 δ’
1011 2709 1054 2775 δτι
1076 2713 1143 2785 τοὺς
1164 2713 1289 2798 πλησίον
1309 2714 1406 2775 πίπτει
1428 2708 1462 2783 ὅς
1484 2733 1519 2793 χε
1540 2712 1595 2774 καὶ

306 2824 355 2885 τὸν
370 2826 483 2905 πατέρα
500 2820 612 2906 [τίπτει
627 2819 662 2884 ἐκ
677 2831 727 2885 τοῦ
738 2825 817 2885 κατὰ
831 2823 864 2884 τὸ
880 2818 965 2908 ήττον
981 2816 1107 2905 ὑπάρχει
1122 2822 1174 2883 καί
1189 2822 1222 2883 cb
1234 2819 1348 2905 μᾶλλον
1363 2813 1498 2904 ὑπάρχει.
1514 2819 1590 2882 καθ’
1716 2818 1717 2889 t

309 2924 448 3011 ὁπότερον
477 2925 512 2991 διν
542 2928 595 3012 δέη
623 2927 738 3014 δείξαι]
768 2920 864 2991 τὺπτει
887 2924 929 2990 δτι
956 2923 982 2989 εί
1004 2930 1036 2989 τὸ
1064 2924 1148 3011 ἦττον
1171 2921 1310 3011 ὑπάρχει,
1338 2926 1390 2988 καὶ
1416 2926 1448 2987 τὸ
1476 2923 1594 3009 μᾶλλον

308 3029 446 3118 ὑπάρχει·
469 3036 536 3105 τοὺς
558 3037 615 3118 γὰρ
638 3037 767 3118 πατέρας
790 3030 874 3119 ήττον
897 3035 1047 3095 τίιπτοοσιν
1069 3029 1172 3116 ἢτοὺς
1194 3032 1325 3119 πλησίον.
1349 3028 1369 3116 ἢ
1393 3031 1430 3116 δὴ
1455 3027 1592 3115 ebroici)

307 3136 332 3203 εἰ
354 3137 378 3223 ᾦ
402 3140 517 3225 μᾶλλον
539 3135 675 3225 ὑπάρχει,
699 3143 742 3227 μή
764 3136 900 3226 ὑπάρχει,
923 3137 943 3226 ἢ
966 3137 1091 3227 ᾧήττον
1113 3136 1138 3202 εἰ
1161 3135 1296 3226 ὑπάρχει,
1320 3135 1515 3240 ὁποτέραν
1530 3138 1595 3202 δεῖ

306 3264 412 3340 δείξαι,
435 3262 493 3327 εἴθ’
518 3261 560 3327 δτι
583 3260 710 3351 ὑπάρχει
732 3263 790 3328 εἴθ’
815 3262 857 3327 ὅτι
881 3261 923 3328 οὑ.
953 3264 994 3328 ἔτι
1016 3260 1041 3326 εί
1064 3269 1137 3351 μήτε
1160 3265 1276 3349 μᾶλλον
1298 3271 1372 3353 μήτε
1395 3264 1487 3353 ήττον·
1511 3263 1593 3330 ὅθεν.

307 3377 487 3439 Deteriores:
512 3374 545 3433 τδ
568 3370 593 3433 δ’
611 3368 653 3434 ὅτι
674 3373 742 3443 τοὺς
764 3372 887 3458 πλησίον
910 3374 1005 3435 τὺπτει
1028 3368 1061 3443 ὑς
1084 3393 1116 3452 χε
1139 3373 1191 3434 καὶ
1213 3374 1262 3435 τδν
1277 3378 1399 3456 πατέρα,
1423 3370 1459 3435 ἐκ
1481 3381 1540 3447 τοῦ,
1564 3366 1590 3434 εἰ

307 3479 339 3540 τὸ
368 3475 452 3565 ήττον
476 3473 618 3562 ὑπάρχει,
646 3479 699 3540 οιαὶ
726 3480 758 3539 τὸ
787 3476 902 3562 μᾶλλον
925 3473 1064 3563 ὑπάρχει,
1092 3477 1168 3539 καθ’
1193 3473 1331 3562 ὁπότερον
1354 3476 1389 3542 ἂν
1412 3475 1466 3563 δέη
1494 3477 1589 3550 δεῖξαι,

307 3582 364 3646 εἴθ’
389 3581 432 3647 δτι
454 3580 581 3669 ὑπάρχει
604 3581 661 3646 τίδ’
687 3580 729 3647 ὅτι
752 3579 795 3647 ob.
824 3582 865 3646 ἔτι
888 3580 912 3645 εί
935 3588 1009 3670 μήτε
1033 3582 1147 3667 μᾶλλον
1170 3589 1243 3670 μήτε
1266 3582 1362 3670 ἦττον·
1386 3583 1466 3649 ὅθεν.
1512 3591 1593 3651 Idem
1715 3608 1717 3629 ι

310 3696 461 3757 transtulit
484 3697 646 3774 interpres,
676 3697 728 3756 sed
750 3697 840 3756 verba
862 3689 919 3753 eur
937 3686 979 3752 δτι
1001 3684 1286 3777 ὑπάρχει...ήττον
1309 3697 1418 3761 omisit.
1466 3697 1595 3757 Exhibet
1715 3764 1717 3787 A

310 3803 406 3879 enim3
431 3803 488 3863 hoc
512 3810 612 3863 autem
636 3804 714 3881 quod
738 3803 891 3880 proximos
914 3803 1057 3875 verberat,
1083 3802 1133 3879 qui
1156 3809 1184 3862 et
1204 3809 1318 3880 patrem
1334 3806 1475 3877 verberat,
1501 3822 1537 3863 ex
1556 3821 1593 3863 eo
1715 3848 1717 3899 ,

308 3910 395 3986 quod,
423 3911 448 3970 si
473 3910 674 3987 quodminus
698 3909 807 3983 existit,
823 3904 860 3970 ¹et
885 3909 962 3986 quod
985 3908 1082 3984 magis
1106 3908 1221 3981 existit3
1246 3910 1410 3970 secundum
1435 3916 1595 3987 utrumque

309 4017 368 4090 (mr
386 4017 616 4094 utrumcunque)
628 4018 728 4094 utique
738 4016 883 4093 oportebit
896 4017 1061 4079 ostendere.
1078 4015 1170 4075 Unde.
1194 4015 1294 4075 Uncos
1305 4014 1593 4093 auotoreSpeugelio

306 4122 412 4184 addidi.
438 4123 503 4184 Hoc
526 4143 586 4184 uno
608 4124 674 4184 loco
699 4122 750 4183 illa
773 4123 882 4200 opinio,
908 4123 993 4200 quasi
1016 4129 1132 4181 vetusta
1154 4121 1310 4182 translatio
1334 4142 1370 4183 ex
1394 4122 1433 4182 Αῦ
1454 4122 1592 4201 pendeat,
1716 4202 1717 4207 η

307 4235 389 4289 tanta
405 4230 462 4290 fide
478 4232 630 4303 refutatur,
655 4235 687 4289 ut
702 4229 824 4289 vixdum
847 4228 1050 4290 necessarium
1071 4228 1109 4288 sit
1131 4229 1264 4305 pluribus
1280 4228 1309 4287 id
1326 4229 1461 4305 probare.
1485 4226 1593 4289 Paucis

306 4335 395 4412 igitur
418 4335 492 4396 locis
516 4337 590 4397 haec
613 4335 774 4397 lectionum
797 4334 947 4395 variarum
972 4334 1063 4395 series
1087 4335 1267 4395 absolvatur.

417 4446 500 4507 1398
525 4443 544 4502 n
569 4445 609 4506 ιι
637 4435 724 4522 (aaa,
751 4437 806 4521 ιι)
831 4449 859 4502 ει
884 4444 969 4506 1400
993 4442 1012 4501 r
1036 4445 1055 4504 a
1081 4434 1169 4520 (ιιι,
1197 4441 1250 4514 19)
1274 4441 1313 4502 ar
1332 4441 1465 4522 singulos
1488 4457 1591 4505 versus
1716 4414 1717 4421 ‘

306 4539 449 4643 ὑροτοτελ
474 4548 591 4625 omittit,
617 4568 692 4639 quos
716 4568 742 4609 v.
759 4554 795 4609 tr.
821 4567 890 4608 oum
914 4547 939 4633 Q
951 4548 976 4608 Y
990 4548 1012 4608 Z
1035 4546 1149 4621 retinet,
