3442 5246
805 319 1024 391 ..gga

387 523 471 586 1363
495 541 514 582 a
538 524 557 584 6
582 521 669 596 (200,
695 519 750 595 29)
774 521 896 584 sufferre
921 549 960 563 -
985 509 1086 600 μέντοι.
1132 519 1199 581 Ille:
1223 506 1394 599 irreperent

387 630 563 694 1363a12
589 627 676 701 (201,
696 628 727 701 5)
751 627 777 691 si
800 633 829 690 et
851 628 929 705 quod
952 626 1003 705 qui
1026 627 1104 688 male
1127 625 1265 706 passi-
1284 615 1310 684 εἰ
1331 621 1383 685 καί
1407 615 1434 684 οἱ
1456 629 1559 694 κακῶς

278 730 469 802 πεπονθότες.
501 735 566 796 lile:
590 729 643 792 καί
666 728 683 792 ὃ
705 723 741 794 οί

386 845 471 908 1363
495 861 514 901 a
539 844 580 904 16
605 841 692 914 (201,
710 840 742 913 9)
766 841 900 918 querelas
924 840 1123 903 movebat-
1151 838 1304 923 μέμφεται.

389 950 473 1011 1363
498 967 516 1007 a
541 949 581 1010 18
607 946 694 1019 (20,1
713 946 767 1019 11)
736 946 954 1009 l-Palias
979 936 1109 1028 Ἀθηνᾶ
1216 1000 1219 1003 .

385 1057 470 1118 1363
494 1074 513 1114 a
537 1056 578 1116 20
610 1052 768 1129 (201,13)
798 1052 970 1129 eligere-
994 1051 1143 1133 πράττεινς
1173 1052 1318 1129 eligere
1348 1071 1447 1115 errore
1475 1052 1561 1115 libra·

278 1160 392 1222 riorum
415 1166 518 1223 natum
541 1179 609 1221 esse
631 1159 754 1234 videtur,
779 1179 847 1220 eum
870 1159 949 1221 idem
972 1161 1094 1220 verbum
1117 1160 1279 1222 antecedat.

387 1271 470 1333 1363
496 1287 514 1328 a
537 1271 576 1330 21
604 1266 691 1339 (201,
711 1266 764 1338 14)
795 1266 949 1345 possibilia
975 1274 1075 1328 autem
1100 1296 1139 1308 -
1163 1264 1255 1325 ταῦτόι
1284 1259 1325 1324 dt.
1372 1265 1557 1343 scripturam

278 1369 388 1434 δονατὰ
403 1369 436 1432 δὲ
451 1372 583 1434 invenies
599 1372 689 1433 etiam
704 1373 783 1449 apud
800 1373 894 1436 schol.
911 1373 953 1447 (et
965 1373 996 1433 in
1008 1392 1101 1449 marg.
1115 1372 1153 1433 Αο
1164 1380 1239 1434 teste
1251 1372 1409 1450 Spengelio
1426 1371 1458 1445 11,
1475 1372 1559 1445 110).

387 1483 471 1544 1363
489 1500 507 1541 a
523 1484 564 1542 23
581 1480 669 1553 (201,
688 1478 741 1551 15)
766 1468 960 1557 quaeeunque
983 1479 1047 1540 sine
1069 1479 1246 1540 tristitia-
1264 1470 1321 1537 ὅσα
1336 1470 1356 1559 ἢ
1373 1471 1442 1536 ἄνει)
1458 1473 1562 1559 λόπης.

387 1591 471 1650 1363
489 1608 508 1648 a
525 1590 566 1649 24
591 1585 751 1661 (201,16)
776 1585 1026 1647 determinant-
1046 1577 1180 1664 ὁρίζεται.
1210 1586 1357 1665 Interpres
1380 1586 1490 1647 invenit
1512 1593 1563 1647 aut

281 1684 410 1773 ὁρίζοοοι
433 1700 484 1755 aut
507 1685 656 1772 ὁρίζονται.

390 1805 474 1864 1363
493 1805 566 1863 526
591 1799 751 1875 (201,13)
776 1799 946 1877 aptissime:
971 1800 1109 1861 molestia
1133 1793 1337 1880 (δυσχέρειαι)
1362 1829 1400 1842 -
1426 1797 1562 1878 τιμωρίας

280 1927 352 1968 nam
374 1904 507 1986 τιμωρία,
530 1910 662 1985 τιμωρεῖν
684 1905 770 1966 vertit
793 1906 961 1967 vocabulis:
987 1906 1110 1985 punitio,
1137 1906 1251 1984 punire.
1291 1906 1399 1968 Confer
1422 1907 1461 1967 ad
1484 1906 1563 1967 hune

280 2014 380 2073 locum
397 2012 500 2097 Topic.
520 2014 582 2075 117
600 2015 620 2073 b
637 2018 689 2077 30.

389 2123 474 2182 1363
491 2141 509 2182 a
527 2124 567 2183 33
586 2119 673 2193 (201,
692 2118 745 2192 25)
770 2126 820 2179 aut
844 2138 919 2196 quae
943 2120 1071 2181 minores
1091 2112 1166 2200 -ἢ
1190 2110 1218 2177 οί
1240 2111 1353 2200 ἥττους.
1384 2120 1447 2181 me:
1473 2110 1563 2180 teir

281 2227 352 2287 ibid.
378 2234 406 2287 et
430 2246 506 2305 quae
528 2228 675 2286 donantur
698 2225 802 2286 amicis
826 2233 877 2286 aut
900 2246 977 2304 quae
1000 2228 1175 2313 auferuntur
1196 2228 1234 2289 ab
1257 2226 1385 2288 inimicis
1411 2257 1450 2269 -
1474 2222 1563 2284 καὶᾶ
1693 2232 1707 2277 .·

281 2332 451 2414 χαριοῦνται
473 2336 533 2400 τοῖς
556 2327 660 2414 φίλοις,
683 2324 980 2414 ἢᾶόιπεχθήοονται
1002 2336 1062 2400 τοῖς
1085 2324 1218 2414 ἐχθροῖς.
1245 2333 1374 2393 Verbum
1397 2337 1565 2413 χαριοῦνται

282 2441 474 2518 interpretem
496 2440 606 2517 legisse
629 2438 787 2498 verisimile
810 2446 874 2518 est;
904 2458 975 2498 nam
1003 2438 1059 2499 hoe
1089 2440 1155 2501 aliis
1179 2439 1253 2500 locis
1277 2440 1363 2513 (225,
1389 2446 1407 2503 5
1432 2458 1474 2494 ·-·-·
1497 2459 1564 2502 enn-

282 2549 403 2621 donari3
429 2550 502 2620 227,
521 2551 561 2610 20
580 2564 620 2599 =
639 2543 778 2616 tribuere)
803 2544 938 2605 similiter
960 2545 1116 2624 exprimit3
1140 2553 1172 2607 at
1195 2546 1321 2606 alterum
1344 2547 1467 2607 verbum
1491 2539 1563 2604 ἀπε-

282 2650 447 2737 χθήσονται
470 2653 517 2715 vix
542 2650 660 2724 invenit,
685 2651 812 2712 tortasse
834 2651 899 2711 loeo
923 2651 986 2712 eius
1010 2645 1240 2734 ἀπαχθήοοντοιι
1263 2653 1307 2712 vel
1331 2644 1527 2734 ἀραιροῦνται.

393 2764 476 2824 1363
501 2779 519 2819 a
543 2762 582 2821 37
609 2758 696 2833 (201,
715 2756 769 2832 29)
792 2759 940 2820 laudabile
967 2791 1003 2803 u-
1030 2751 1172 2818 ἐπαινετά.

390 2871 474 2932 1363
489 2870 557 2928 ati?
577 2864 664 2939 (201,
679 2864 734 2937 29)
750 2873 779 2924 et
795 2866 1015 2927 considerantes
1033 2899 1072 2908 -
1087 2863 1139 2925 καὶ
1154 2858 1194 2925 ὧν
1208 2857 1427 2945 ἐπιθυμοῦντες.
1451 2865 1560 2945 Speng.

283 2982 362 3036 reete
385 2974 498 3035 videtur
522 2952 703 3051 proponere:
728 2991 821 3050 quae
844 2973 1128 3038 desiderantes.

849 3164 946 3246 Caput
971 3173 999 3232 7.

390 3296 474 3357 1363
491 3294 510 3354 b
527 3299 546 3358 9
564 3293 650 3368 (202,
669 3290 702 3363 9)
725 3291 817 3354 Mm:
842 3300 871 3354 et
894 3294 991 3356 maius
1015 3293 1140 3373 quidem,
1157 3310 1277 3371 semper
1302 3299 1331 3354 et
1353 3293 1421 3371 plus
1445 3292 1502 3353 sic
1526 3311 1563 3351 se

282 3401 399 3462 habet
422 3402 459 3461 ad
483 3399 600 3472 minus;
625 3418 766 3474 magnum
790 3406 889 3460 autem
913 3401 950 3462 ad
976 3421 1098 3479 parvum
1121 3408 1150 3461 et
1171 3401 1298 3460 multum
1321 3401 1358 3460 ad
1380 3419 1507 3477 paucum
1523 3429 1561 3441 -

280 3505 334 3566 καὶ
356 3507 451 3589 μεῖζον
475 3505 527 3590 μὲν
550 3498 671 3564 &etant
693 3499 792 3561 πλεῖον
814 3500 1042 3584 πρὸςέλατιον,
1065 3506 1142 3587 μέγα
1164 3501 1271 3564 δὲκαὶ
1294 3501 1563 3586 μινρόνιιαίπολῦ

280 3611 332 3673 καὶ
355 3606 461 3691 ὀλίγον.
508 3614 619 3674 Invenit
609 3612 743 3689 tigitur:
775 3605 843 3668 πλε
833 3627 875 3671 ον
898 3628 990 3680 οοτως
1012 3606 1085 3694 ἔχει,
1117 3614 1222 3675 deinde
1251 3609 1325 3694 πρός
1348 3611 1460 3693 μικρόν,
1490 3611 1563 3693 πρὸς

286 3710 392 3798 ὀλίγον.

389 3830 473 3892 1363
498 3830 516 3888 b
540 3831 579 3890 15
604 3827 691 3900 (202,
711 3821 764 3897 15)
794 3824 937 3886 habentes
966 3827 1074 3904 eligent
1102 3828 1266 3907 utique-
1292 3818 1328 3885 ἂν
1434 3820 1562 3903 λαβόντα

284 3924 403 3991 ἕλοιντο.
427 3934 510 4010 Legit
533 3936 612 4012 quod
634 3934 658 3992 Ε
681 3939 710 3993 et
733 3951 808 3995 corr.
826 3931 865 3992 λο
885 3933 1018 3996 exhibet:
1043 3931 1182 4013 λαβόντες
1204 3927 1322 3994 ἕλοιντο.

389 4042 503 4103 13630
519 4044 557 4103 17
572 4041 659 4113 (202,
675 4033 729 4119 13)
747 4039 846 4116 ipsum
861 4069 898 4081 -
913 4030 1001 4119 αὐτῷ.
1025 4043 1108 4120 Legit
1131 4034 1212 4113 αῦτό,
1236 4043 1315 4122 quod
1332 4040 1452 4120 praebet
1468 4040 1560 4103 schol.

388 4148 516 4209 13631)
542 4150 581 4209 27
608 4146 696 4220 (202,
714 4146 767 4217 26)
797 4145 885 4206 Mm:
911 4147 1040 4224 quaein
1063 4149 1137 4228 ipsis
1161 4156 1231 4212 sunt
1254 4150 1297 4224 (m
1320 4164 1369 4208 om
1393 4147 1443 4221 in)
1469 4137 1562 4204 -tv

280 4239 386 4316 αὐτοῖς.
411 4252 494 4328 Legit
517 4247 538 4311 ό)
560 4243 589 4309 ἐν
613 4242 719 4318 αῦτοῖς.

388 4360 472 4422 1363
489 4360 508 4420 b
527 4363 565 4422 31
592 4352 680 4438 (202,
699 4356 753 4431 30)
777 4357 834 4417 hoc
857 4363 956 4420 autem
980 4362 1017 4422 ad
1040 4361 1070 4424 id
1093 4382 1153 4423 non
1172 4390 1209 4405 -
1231 4359 1322 4443 τοῦτῳ
1346 4356 1379 4422 δὲ
1401 4354 1495 4422 ἐκεῖνο
1518 4351 1560 4423 οὐ.

279 4462 362 4543 Legit
385 4463 489 4544 igitur:
513 4468 596 4524 τοῦτο
620 4458 652 4525 δὲ
675 4455 776 4547 ἐπείνιρ
799 4452 843 4533 οἰ),
868 4465 946 4544 qnod
970 4486 1141 4549 perversum
1165 4476 1220 4535 est.
