3442 5246
806 347 848 362 ..
894 278 1024 380 gg..

279 508 362 594 παρὰ
378 511 506 574 absurde
522 510 705 574 substantivo
729 512 1040 593 comparatione,
1064 509 1138 593 πρὸς
1154 532 1221 574 vero
1237 515 1325 577 verbo
1341 523 1560 596 respectum

280 619 439 683 reddiderit
461 615 584 700 (confer.
601 639 667 697 pag.
678 615 744 701 41),
770 642 867 682 nonne
883 621 961 682 idem
977 640 1079 698 praep.
1097 610 1143 678 eat
1157 621 1254 683 verbis
1271 623 1308 683 in
1324 623 1458 686 habitu
1474 626 1561 686 inter·

281 728 391 809 pretari
416 728 532 806 potuit?
572 727 677 791 Nonne
699 728 729 788 id
752 729 814 788 eius
838 727 959 789 dictioni
982 728 1091 789 mirum
1113 736 1259 806 quantum
1283 731 1439 793 convenit?

388 838 474 899 1374
497 835 516 894 b
541 839 581 898 29
605 834 691 910 (232,
718 834 750 907 6)
774 855 825 896 cm
846 826 920 915 ἱερά.

389 944 479 1003 1875
501 960 519 1002 a
544 943 560 1004 1
587 940 674 1015 (232,
702 941 755 1014 16)
785 942 1012 1021 appretiandum
1041 950 1092 1005 aut
1115 942 1173 1021 (nrt
1198 944 1251 1017 ait)
1280 975 1314 987 -
1342 944 1470 1029 τιμήσειν
1493 940 1561 1031 ἔφη,

280 1047 364 1126 Legit
384 1045 517 1129 τιμητέον
539 1040 606 1131 ἔφη.

390 1157 474 1218 1375
499 1175 516 1215 a
541 1161 559 1218 5
584 1155 671 1229 (232,
690 1155 743 1228 20)
767 1153 959 1222 damnificant
986 1188 1020 1198 -
1048 1152 1206 1236 (appretient.
1229 1157 1293 1219 Ille:
1318 1155 1461 1240 ζημιοῦσι.

391 1265 474 1325 1375
505 1282 524 1323 a
549 1268 566 1324 5
591 1255 678 1340 (232,
701 1258 758 1340 21)
783 1281 1046 1339 quoscunque
1071 1263 1242 1324 aedificatus
1271 1264 1358 1326 fuerit
1383 1296 1421 1307 -
1446 1258 1561 1334 cic...

281 1356 476 1449 ᾠκοδομήθη.
501 1368 552 1428 llle
574 1368 645 1444 legit
668 1375 700 1428 ut
723 1388 830 1445 supra:
855 1360 906 1434 οὓς
929 1360 964 1427 ἂν
987 1359 1186 1451 οἱκοδομηθη.

390 1477 474 1539 1375
499 1496 517 1536 a
541 1478 582 1539 16
605 1468 693 1556 (233,
720 1471 754 1553 5)
778 1475 858 1535 σίνε
881 1468 939 1553 (M:
965 1475 1037 1548 sui)
1061 1476 1184 1537 maius
1209 1484 1267 1538 est
1289 1477 1320 1538 in
1336 1478 1457 1539 Graecis
1479 1479 1564 1541 libris

281 1599 341 1641 non
364 1579 561 1646 inveniuntur.
600 1581 722 1658 Legisse
744 1582 858 1643 ridetur
880 1580 1059 1659 interpolata
1082 1584 1187 1645 verba:
1211 1574 1346 1665 ἀδίκημα
1369 1583 1465 1665 μεῖζόν
1487 1577 1563 1661 ἐστις

282 1693 353 1765 ριιῑο
377 1687 455 1749 enim
475 1690 541 1748 loco
558 1688 689 1767 corrupti
713 1688 794 1748 sive
817 1687 939 1749 verbum
962 1688 1106 1768 scripturn
1129 1688 1231 1763 tuisse,
1256 1691 1335 1767 quod
1358 1690 1416 1752 vim
1440 1690 1564 1753 iniuriae

218 1860 221 1867 ,
281 1794 412 1857 haberet.

394 1904 479 1966 1875
496 1921 514 1962 ι
532 1903 571 1965 18
597 1900 683 1976 (233,
703 1895 735 1981 7)
758 1900 893 1963 circa-
916 1901 1006 1980 παρά.
1032 1901 1083 1964 Ille
1106 1901 1184 1964 male
1206 1898 1272 1984 περὶ
1294 1909 1327 1964 ut
1350 1904 1438 1980 paulo
1463 1923 1563 1982 supra.

840 2097 937 2175 Caput
962 2101 1013 2163 15.

392 2226 476 2289 1375
501 2243 519 2286 a
543 2229 584 2288 23
608 2218 696 2304 (233,
715 2218 770 2301 13)
795 2229 894 2283 autem
918 2254 958 2265 -
982 2222 1047 2302 γάρ.

392 2335 477 2396 1375
495 2351 513 2392 a
530 2336 570 2395 32
595 2325 682 2410 (238,
702 2324 759 2407 21)
782 2329 831 2390 lex
855 2349 890 2393 .s.
915 2321 967 2407 (M.
984 2324 1018 2409 i.)
1043 2327 1211 2390 communis
1237 2359 1274 2371 -
1302 2320 1319 2388 δ
1340 2328 1445 2396 κοινός.

394 2443 477 2504 1375
494 2441 514 2500 b
532 2433 549 2503 2
567 2433 654 2517 (234,
669 2432 702 2519 2)
725 2437 896 2498 hominibus
920 2436 1030 2496 nullius
1055 2428 1098 2513 (at
1118 2435 1147 2495 M
1163 2455 1210 2497 m:
1235 2435 1347 2496 homini
1363 2435 1416 2496 viri
1439 2436 1565 2509 nullius;

286 2558 335 2608 mt
359 2540 474 2627 nullus)
499 2575 540 2589 -
564 2537 671 2624 ἀνδρός
694 2535 819 2611 οῦδενός.
847 2543 997 2603 Hom-ini
1022 2544 1179 2604 delendum
1202 2561 1270 2603 esse
1292 2542 1414 2606 videtur.

394 2655 521 2717 13753
546 2657 564 2714 8
591 2648 678 2726 (284,
698 2646 729 2731 7)
756 2653 821 2728 lege
849 2653 993 2729 probante
1020 2657 1065 2711 est
1090 2650 1239 2711 contraria
1264 2683 1303 2691 -
1333 2641 1459 2717 ἐναντίος
1485 2649 1566 2730 νόμῳ

285 2750 492 2840 εὐδοκιμοῦντι,
516 2766 546 2819 at
568 2759 690 2837 interpr.
707 2759 848 2819 tortasse:
873 2756 955 2837 νόμῳ
978 2747 1174 2836 εὐδοκιμοῦντι
1195 2748 1330 2823 ἐναντίος.

395 2868 573 2931 1375314
597 2859 756 2945 (23412)
780 2865 810 2925 111
834 2864 941 2942 quibus
965 2872 993 2925 et
1017 2871 1136 2941 propter
1159 2883 1236 2941 quae
1257 2858 1299 2942 (Μ
1316 2882 1375 2926 om.
1393 2856 1442 2941 et)
1462 2894 1500 2904 -
1519 2853 1564 2944 ἐφ’

286 2964 339 3041 οἷς.
362 2973 510 3052 Interpres
534 2974 683 3050 glossema
706 2966 779 3029 δι’δι
802 2971 832 3030 in
856 2970 989 3047 margine
1011 2969 1159 3031 invenisse
1182 2977 1225 3043 et,
1251 2989 1309 3048 qua
1332 2975 1395 3031 erat
1416 2969 1568 3046 diligentia

288 3087 316 3142 'et
338 3081 489 3156 religione,
513 3080 543 3140 in
563 3085 678 3141 textum
701 3079 850 3158 recepisse
865 3079 987 3138 videtur.
1027 3077 1104 3139 Nam
1128 3076 1273 3138 eiusmodi
1293 3096 1411 3154 quoque
1431 3077 1568 3154 exempla

288 3190 319 3251 in
331 3187 529 3250 translatione
544 3188 738 3265 reperiuntur,
764 3207 789 3250 e.
805 3205 831 3263 g.
852 3189 937 3249 1374
953 3186 972 3245 3
989 3189 1030 3248 26
1049 3178 1136 3264 (232,
1152 3179 1184 3264 3)
1197 3174 1250 3241 Ιὅτι
1271 3178 1483 3261 παρελοηίσατο
1503 3175 1568 3263 τρία

287 3287 451 3378 ἡμιωβέλισι
472 3284 537 3372 ἱερὰ
559 3290 627 3362 τοὺς
648 3290 804 3360 ναοιιοιοῦς
821 3325 860 3336 -
878 3293 957 3372 quod
979 3291 1161 3352 defraudavit
1184 3291 1198 3350 f
1203 3296 1359 3351 actores
1380 3289 1516 3368 templi
1539 3289 1569 3349 in

289 3402 383 3464 tribus
400 3401 504 3463 mediis
521 3400 616 3462 obolis
633 3401 727 3462 saeris
751 3400 1035 3461 aedificatores
1053 3397 1196 3474 templi.
1223 3398 1393 3460 1382320
1410 3389 1498 3473 (251,
1513 3388 1568 3475 20)

288 3499 309 3588 ἢ
332 3500 495 3568 ἀντιπάλων
523 3542 557 3552 -·
585 3517 636 3570 aut
658 3507 853 3568 refellentiunr
877 3505 1123 3567 adversariorum.

399 3621 483 3682 1375
505 3617 526 3679 3
552 3620 591 3681 18
617 3610 705 3693 (234,
733 3610 786 3696 16)
812 3615 928 3690 ignores
945 3656 953 3673 .
968 3658 975 3673 .
990 3656 998 3673 .
1015 3612 1128 3672 diceres
1150 3605 1225 3689 (MV
1241 3609 1364 3683 deieres,
1389 3629 1435 3671 m:
1460 3602 1569 3685 dieres)

293 3755 332 3768 -
357 3716 490 3806 ἀηνοηση
506 3765 513 3781 .
527 3766 553 3781 ..
569 3714 702 3801 ἐπιορκη.
727 3722 790 3782 tlte:
815 3712 964 3800 ἀηνοησης
980 3760 1027 3774 ...
1043 3708 1191 3798 ἐπιορκης.

398 3835 482 3896 1375
506 3832 525 3892 3
550 3835 589 3895 21
616 3825 777 3911 (23419)
809 3827 904 3904 magis
935 3826 1074 3904 ponderis
1104 3833 1149 3887 est
1175 3857 1213 3867 -
1238 3817 1389 3882 λυσιτελεῖ.
1434 3822 1486 3884 111ο
1510 3837 1569 3882 non

291 3940 385 4001 male:
410 3932 524 4018 μᾶλλον
547 3932 697 3997 λυσιτελεῖ.

399 4049 483 4110 1376
509 4064 527 4104 a
552 4050 571 4108 4
597 4037 685 4121 (235,
704 4035 737 4121 8)
760 4043 817 4102 11οο
841 4040 947 4114 (τοῦτο)
973 4072 1012 4083 -
1037 4034 1137 4118 rotro.

400 4154 485 4215 1376
509 4171 527 4213 a
552 4154 591 4215 13
616 4143 779 4228 (23515)
804 4149 936 4208 solorum
959 4141 1067 4227 (μόνον
1091 4141 1129 4226 Q)
1156 4176 1195 4187 -
1221 4142 1317 4225 μόνον.

401 4262 485 4323 1376
502 4277 520 4320 a
537 4261 577 4322 15
594 4252 682 4336 (235,
701 4250 756 4337 17)
774 4255 799 4315 si
815 4256 926 4316 iustum
942 4261 993 4315 aut
1008 4254 1160 4315 iniustum.

576 4364 628 4425 4⁶:
652 4354 672 4444 1)
694 4358 807 4421 δίκαιον
828 4352 848 4442 ἢ
875 4353 984 4421 ἄδικον.

505 4471 563 4550 QY
576 4472 612 4534 Zr
636 4461 795 4530 sittacenen
823 4459 849 4529 εὶ
874 4462 990 4531 ἄδικον.
