3442 5246
678 370 983 433 -31-·

142 591 232 635 nemo
256 569 365 643 adbuc,
390 567 471 645 quod
495 584 549 641 ego
573 563 692 649 quidem
716 557 818 643 sciam,
843 576 956 628 certum
979 569 1140 646 quidquam
1164 567 1294 645 protulit.
1330 569 1428 646 Atqui,

141 689 176 742 ut
198 679 241 741 ait
256 677 479 748 Lachmannus,
505 672 635 750 primum
652 680 697 733 est
719 681 808 751 atque
831 675 1157 769 primariumloiticium
1172 675 1245 748 eius
1270 675 1320 753 qui
1336 684 1430 737 artem
1481 697 1497 724 t

141 786 278 849 criticam
294 801 432 844 exercere
447 780 525 853 velit,
545 779 778 858 uniuscuiusque
793 782 903 842 codicis
924 783 1058 858 detegere
1078 784 1200 843 fontem.
1224 782 1333 842 Verum
1349 784 1428 844 enim

142 892 271 953 editores
294 910 361 951 eam
377 886 510 948 muneris
527 893 642 963 partem
658 906 718 947 non
734 889 836 948 eadem
860 888 1010 963 diligentia
1026 908 1085 967 qua
1100 897 1213 949 ceteras
1229 890 1428 967 expleverunt.

142 997 292 1060 Victorius
316 996 437 1074 quidem
460 992 533 1053 satis
556 992 645 1052 habet
668 992 766 1053 dicere
794 994 1019 1055 translationem
1048 996 1222 1073 plerumque
1252 1000 1429 1058 concordem

143 1124 211 1167 esse
234 1122 304 1163 cum
335 1100 447 1178 optimo
477 1098 553 1158 libro
577 1090 658 1176 (1⁶),
691 1105 719 1158 et
746 1098 834 1159 huius
859 1100 912 1160 viri
942 1100 1147 1161 auctoritatem
1176 1101 1226 1161 alii
1255 1113 1427 1181 sequuntur,

146 1212 224 1272 velut
246 1201 414 1285 Vaterus*),
439 1205 550 1282 quippe
572 1203 622 1280 qui
646 1204 725 1265 dicat
748 1206 923 1283 plerumque
938 1226 1005 1266 eam
1021 1226 1089 1267 cum
1105 1207 1206 1268 codice
1221 1209 1428 1286 antiquissimo

149 1316 321 1387 consentire,
346 1314 388 1374 ita
411 1319 443 1371 ut
466 1311 622 1389 utriusque
644 1318 743 1372 textus
767 1313 804 1372 ad
827 1332 920 1372 unum
944 1313 1057 1373 iontem
1079 1314 1249 1374 referendus
1280 1316 1327 1376 sit.
1373 1319 1429 1379 Ac·

150 1423 280 1483 curatius
302 1422 339 1480 de
351 1420 408 1479 hac
424 1437 456 1478 re
472 1426 505 1477 ut
519 1419 556 1477 de
572 1418 720 1477 sexcentis
737 1418 803 1478 aliis
820 1417 948 1496 Spengel
965 1419 1098 1491 disserit;
1124 1421 1176 1480 sed
1192 1441 1229 1480 ne
1244 1421 1293 1482 hic
1310 1424 1429 1500 quidem

154 1546 260 1589 omnes
282 1525 356 1585 tollit
374 1525 579 1585 dubitationes
620 1523 720 1602 ltaque
736 1531 764 1584 et
787 1524 844 1584 hac
867 1545 900 1584 re
923 1532 1075 1602 permotus
1099 1532 1128 1585 et
1150 1526 1258 1588 fiducia
1281 1529 1428 1607 impulsus

160 1652 208 1693 me
233 1631 373 1692 nonnullis
402 1632 477 1692 locis
508 1631 618 1691 rectius
649 1651 739 1708 quam
765 1632 850 1692 illurn
872 1631 981 1692 vidisse
1015 1651 1069 1707 ego
1093 1652 1185 1692 ausus
1216 1653 1283 1693 sum
1312 1639 1430 1714 aggredi

157 1740 193 1799 ad
214 1739 266 1798 boc
286 1757 405 1802 munus,
453 1738 539 1810 Quod
568 1738 743 1815 priusquam
776 1740 948 1817 suscipiam,
973 1759 1025 1799 eos
1046 1740 1139 1812 locos,
1171 1740 1278 1818 quibus
1301 1743 1428 1821 Spengel

149 1852 199 1905 aut
221 1851 297 1904 errat
311 1852 363 1905 aut
379 1846 467 1905 verba
482 1845 587 1905 Latina
603 1845 745 1905 audacius
762 1845 792 1905 in
808 1846 1010 1924 suspicionem
1026 1854 1120 1920 vocat,
1144 1847 1248 1924 paucis
1264 1849 1427 1914 absolvam.

253 1954 338 2015 1854
361 1972 379 2012 a
404 1957 422 2014 2
447 1947 534 2026 (178,
552 1947 586 2031 2)
608 1949 692 2009 κοινὰ
714 1982 752 1995 -
771 1952 977 2015 communiter.
1011 1952 1075 2024 Quo
1098 1952 1162 2013 iure
1185 1953 1313 2031 Spengel
1337 1977 1428 2017 corn·

145 2056 274 2118 munia
297 2064 400 2130 mutet,
425 2057 548 2118 minime
571 2057 736 2135 perspicio;
760 2058 868 2118 etenim
891 2077 960 2118 cum
984 2078 1088 2119 omnes
1112 2059 1238 2133 codices,
1264 2062 1354 2123 etiam
1377 2065 1427 2125 ille

143 2162 306 2238 Parisinus,
331 2164 471 2225 exhibent
494 2164 754 2236 communiter,
779 2172 842 2226 turn
859 2164 1045 2225 coniecturae
1061 2167 1280 2228 communia
1296 2189 1424 2248 sequens

143 2272 267 2332 verbum
289 2280 350 2332 est
373 2292 463 2350 quam
486 2272 616 2333 maxime
639 2273 821 2335 adversatur.
846 2272 1042 2335 statuendum
1062 2271 1150 2347 igitur
1170 2281 1215 2333 est
1236 2273 1427 2353 interpretem

142 2377 252 2454 legisse
275 2382 359 2458 κοινῆ
383 2379 429 2438 rel
451 2383 565 2445 κοινῶς.

252 2488 338 2549 1354
354 2506 372 2545 a
390 2488 429 2548 19
455 2477 542 2562 (178,
561 2479 617 2564 20)
641 2475 671 2542 ἐν
693 2475 781 2550 ἐνίαις
803 2500 836 2559 γε
859 2486 906 2541 νυν
929 2473 988 2540 ἐστὶ
1010 2487 1066 2540 τῶν
1087 2476 1203 2541 πόλεων
1225 2482 1277 2543 καὶ
1299 2481 1427 2566 μάλιστα

142 2594 205 2658 ταῖς
219 2582 447 2672 εὐνομουμέναις
462 2591 545 2652 -in
565 2592 742 2670 quibusdam
766 2590 917 2651 civitatum
936 2609 1016 2650 nunc
1039 2597 1086 2650 est
1106 2597 1134 2650 et
1155 2592 1284 2652 maxime
1301 2595 1331 2654 in
1352 2595 1426 2657 bene

142 2698 287 2760 ordinatis
303 2698 427 2776 legibus.
462 2699 599 2777 Spengel,
624 2706 657 2758 ut
680 2718 716 2758 ex
739 2697 802 2757 eius
826 2696 1016 2758 adnotatione
1040 2716 1106 2774 pag.
1126 2700 1187 2760 178
1213 2699 1316 2774 elucet,
1343 2708 1426 2778 putat

144 2808 338 2884 interpretem
367 2805 475 2882 legisse
502 2800 631 2886 μάλιστα
661 2796 698 2861 ἐν
727 2806 800 2870 ταῖς,
848 2803 904 2864 Cui
932 2803 1065 2880 opinioni
1087 2822 1148 2864 non
1173 2807 1337 2881 assenti0r3
1368 2807 1425 2869 vidi

142 2912 224 2973 enim
251 2912 450 2991 interpretem,
475 2932 533 2991 quo
561 2911 677 2972 facilius
704 2911 793 2971 verba
818 2910 1040 2985 intellegantur,
1073 2910 1323 2987 praepositionem
1345 2921 1426 2974 ante·

140 3021 297 3080 cedentem
319 3019 509 3080 consuevisse
532 3026 673 3096 repetere,
699 3016 815 3078 etiamsi
838 3017 867 3077 in
892 3017 1006 3077 Graeco
1029 3018 1166 3094 exemplo
1193 3036 1254 3077 non
1276 3017 1425 3081 invenisse

140 3127 285 3190 videatur.
325 3125 390 3186 Hoc
413 3133 446 3187 ut
467 3127 677 3199 demonstrem,
703 3125 776 3186 satis
799 3126 893 3186 habeo
916 3122 971 3183 hos
995 3124 1220 3193 locosatterre:
1246 3128 1331 3189 1359
1348 3146 1366 3187 a
1383 3131 1423 3190 22

141 3227 232 3314 (191,
249 3227 284 3312 4)
306 3229 372 3311 περὶ
394 3227 542 3312 μεγέθους
564 3228 617 3289 καὶ
639 3231 813 3313 μικρότητος
835 3228 888 3289 καὶ
909 3233 959 3288 τοῦ
978 3226 1109 3309 μείζονος
1128 3224 1180 3286 καὶ
1201 3232 1252 3287 τοῦ
1272 3220 1425 3300 ἐλάττονος

142 3371 185 3383 -
203 3340 240 3401 de
255 3338 458 3416 magnitudine
476 3346 505 3399 et
521 3337 664 3416 parvitate
686 3345 715 3398 et
734 3340 778 3399 de
796 3337 901 3399 maiori
916 3344 945 3397 et
960 3335 1082 3407 minori3
1104 3337 1188 3399 1359
1202 3337 1221 3396 b
1235 3339 1275 3399 10
1288 3329 1376 3414 (192,
1391 3332 1424 3418 3)

141 3442 179 3507 ἔκ
197 3463 228 3504 τε
247 3451 301 3528 τῆς
324 3438 501 3526 ἀναλυτικῆς
522 3436 684 3526 ἐπιστήμης
703 3440 756 3502 καὶ
778 3449 831 3526 τῆς
853 3440 919 3523 περὶ
941 3441 977 3502 τὰ
999 3436 1065 3525 ida
1087 3437 1291 3524 πολιτικῆς-
1306 3463 1343 3504 ex
1366 3444 1426 3506 dia·

140 3554 249 3615 lectica
271 3552 395 3614 scientia
417 3559 446 3612 et
468 3572 512 3614 ex
535 3572 570 3613 ea
593 3571 669 3630 quae
692 3551 771 3611 circa
794 3570 892 3612 mores
916 3550 1052 3628 politica3
1078 3542 1426 3630 1359521(192,14)

142 3661 233 3739 prior.
251 3679 389 3738 praepos.
406 3678 475 3720 cum
488 3660 520 3734 C,
545 3660 654 3721 recenti
677 3666 766 3737 atque
786 3660 963 3736 interpolato
984 3651 1153 3736 codice**):
1177 3652 1242 3734 περ(
1264 3670 1295 3713 τε
1317 3654 1425 3734 πόρων,

140 3763 195 3825 καὶ
217 3760 349 3846 πολέμου
371 3762 423 3824 καὶ
446 3757 570 3847 εἰρῆνῆς,
593 3758 635 3823 ἔτι
657 3759 690 3823 δὲ
712 3762 778 3844 περὶ
800 3759 939 3847 φυλακῆς
962 3768 1015 3845 τῆς
1037 3761 1142 3844 χώρας
1164 3758 1217 3819 καὶ
1236 3764 1293 3819 τῶν
1312 3751 1426 3839 εἰσαγο-

140 3871 237 3953 μένων
254 3904 291 3916 -
311 3874 348 3934 de
363 3873 553 3951 proventibus
576 3880 605 3933 et
626 3873 672 3934 de
693 3873 772 3933 bello
793 3879 821 3932 et
842 3890 932 3949 pace;
956 3870 1053 3931 adhuc
1074 3876 1173 3930 autem
1194 3868 1275 3929 etde
1290 3868 1426 3930 custodia

142 3977 286 4055 regionis,
317 3986 345 4040 et
368 3981 411 4040 de
435 3979 482 4040 bis
505 3986 581 4057 guae
604 3979 786 4051 inferuntur3
811 3981 897 4042 1360
920 3979 940 4038 b
964 3981 1005 4041 36
1028 3971 1116 4056 (195,
1143 3970 1198 4054 12)
1220 3966 1266 4033 ἐπ’
1290 3966 1380 4054 ἀρετῇ
1403 3967 1424 4056 ἢ

141 4078 261 4164 κλοὺτῳ
289 4077 310 4166 ἢ
339 4078 424 4164 ἄλλῳ
456 4117 496 4127 -
527 4086 558 4147 in
581 4085 687 4146 virtute
716 4093 768 4146 aut
797 4084 834 4144 in
863 4084 972 4145 divitiis
1002 4092 1053 4146 aut
1081 4083 1120 4144 in
1144 4082 1219 4156 alio;
1252 4084 1336 4146 1365
1360 4083 1422 4145 68

143 4192 304 4266 (207,15)
328 4190 402 4271 πρὸς
423 4189 456 4250 τὸ
479 4190 531 4275 ζῆν
553 4187 606 4252 καὶ
628 4182 661 4251 εὖ
684 4188 736 4274 ζῆν
757 4187 810 4248 καὶ
832 4187 884 4272 τῆν
907 4181 1014 4274 ῆδονῆν
1036 4186 1142 4249 καὶτὸ
1164 4186 1297 4268 πράττειν
1322 4219 1361 4230 -
1386 4189 1425 4251 ad

250 4345 279 4413 *)
304 4344 561 4402 animadversiones
586 4352 614 4401 et
638 4345 768 4401 lectiones
794 4346 828 4400 ad
854 4345 1007 4402 Aristotelis
1035 4345 1119 4401 libros
1143 4348 1200 4399 tres
1225 4342 1424 4399 rhetoricorum

145 4432 215 4489 lm
233 4435 362 4595 l:tillido
381 4524 510 4596 Spengel:
529 4523 617 4582 Ueber
635 4524 679 4581 die
696 4522 830 4582 Rhetorik
848 4524 896 4579 des
913 4523 1075 4582 Aristoteles
1095 4522 1179 4593 1851;
1196 4537 1258 4595 pag.
1276 4521 1310 4580 53
1329 4521 1423 4581 adnot·
